3074 4952
669 296 731 358 245

212 469 328 534 Primus
349 467 520 533 felicitatis
542 468 657 553 gradus
679 471 745 546 est,
781 467 960 554 intelligere
989 471 1022 532 et
1052 468 1141 552 sequi
1163 489 1268 534 rocem

133 574 288 640 invitantis
308 575 345 640 ed
368 596 403 638 se
418 572 494 651 Dei,
516 574 688 658 proximus,
713 595 778 638 non
800 573 1021 638 obsurdescere
1036 595 1094 638 nec
1109 573 1270 638 obstinate

131 701 304 764 repugnare.
348 678 483 744 Talibus
506 679 589 742 enim
613 678 751 764 ingeniis
776 678 914 764 ignoscit
936 678 1037 756 Deus,
1067 682 1099 744 et
1122 679 1268 762 precibus
1384 733 1388 742 .

128 785 338 869 interpellatus
361 785 524 849 doctorem
548 783 637 849 illum
661 784 811 869 spiritum
833 784 962 848 tandem
985 783 1132 870 largitur,
1156 808 1268 869 quam·

126 889 178 952 din
198 909 258 952 non
280 889 415 964 malitia,
440 889 495 953 sed
517 890 717 974 ignoratione
740 895 772 953 et
795 889 1001 973 simplicitate
1023 888 1201 976 pecsscatur3
1228 890 1268 955 ad

124 1014 248 1077 eamque
269 1015 337 1057 reru
358 997 486 1078 tempus
509 994 664 1058 stolium
687 1015 770 1078 saepc
793 994 943 1059 concedit.
992 995 1083 1074 Quod
1106 995 1176 1074 tibi,
1200 995 1266 1062 Cae·

123 1119 181 1174 sar,
203 1099 374 1183 contigisse
397 1099 564 1179 luctamur,
597 1099 652 1182 qui
674 1103 746 1183 post
769 1097 902 1163 multem
927 1099 1021 1184 hujus
1044 1121 1165 1179 cauere,
1198 1121 1268 1182 quae

122 1204 374 1282 controvertitur,
398 1203 623 1269 tractationem
645 1207 785 1269 statuere
809 1225 893 1268 nunc
915 1205 1040 1269 demum
1063 1204 1192 1289 aliquid¹
1211 1227 1267 1288 po·

122 1309 175 1385 tes,
196 1307 323 1390 quando
346 1307 571 1392 multiplieiter
592 1307 753 1374 illustrata
775 1309 909 1386 veritas,
933 1312 1112 1386 eteorum,
1137 1306 1192 1392 qui
1215 1331 1267 1374 ac·

16 1477 19 1492 ,
123 1417 273 1490 curantur,
298 1411 445 1496 nequitia
467 1412 513 1476 sic
535 1417 584 1476 est
606 1412 784 1496 patefacta,
821 1418 856 1477 ut
875 1413 1030 1497 judicatio
1054 1414 1122 1478 litis
1146 1413 1268 1478 nullam

123 1517 204 1582 inse
223 1539 379 1604 magnam
402 1517 519 1582 babeat
550 1517 780 1584 difficultatem.
825 1518 868 1583 Et
900 1539 1081 1603 quanquam
1113 1518 1267 1582 immanes

123 1623 179 1687 illae
199 1627 231 1688 et
253 1629 390 1700 atroces,
414 1623 530 1706 quibus
546 1623 686 1688 divinam
700 1624 898 1708 majestatem
915 1623 1088 1690 affecerunt
1104 1623 1168 1702 isti,
1191 1644 1266 1688 con·

123 1728 251 1794 mmsliae
272 1727 480 1794 vehementer
501 1733 534 1793 et
555 1729 715 1814 inprimis
738 1733 771 1794 te
793 1749 988 1794 commorere
1010 1727 1135 1808 debent,
1158 1733 1265 1793 temen

122 1855 179 1898 non
211 1839 259 1900 est
291 1832 526 1899 dissimulanda
559 1833 656 1899 etiam
690 1835 739 1898 vel
773 1834 931 1899 oblivione
962 1833 1181 1917 praetereunda
1214 1834 1265 1896 in-

117 1939 266 2023 juriarum
289 1939 499 2024 magnitudo,
530 1960 608 2023 quas
638 1939 817 2004 intulerunt
847 1938 983 2024 siugulis
1014 1938 1211 2021 temporibus
1233 1941 1266 2002 et

120 2043 244 2128 imperio
266 2048 299 2110 ct
324 2044 391 2123 ejus
413 2042 579 2127 praefectis,
604 2044 664 2108 tibi
686 2043 823 2128 tuisque,
848 2043 960 2121 Caesar,
983 2042 1165 2126 majoribus.

200 2148 294 2216 Illam
329 2148 415 2214 orbis
447 2152 604 2215 terrarum
637 2150 869 2215 debellatricem
900 2149 1011 2214 urbem
1041 2148 1197 2226 Romam,
1230 2148 1264 2212 in

121 2275 178 2338 qua
198 2258 244 2321 tot
265 2255 431 2320 fulserunt
451 2254 582 2334 lumina,
606 2258 673 2319 tam
696 2255 839 2341 insignes
862 2258 895 2320 et
916 2254 1060 2338 praeclari
1075 2253 1145 2330 viri,
1169 2273 1265 2336 quam
1340 2311 1344 2320 .

119 2381 233 2424 enmnm
246 2359 422 2445 prudentia
436 2355 570 2444 vitaeque
585 2361 798 2444 temperantia
813 2364 963 2426 rexerunt
979 2358 1149 2442 aliquando
1160 2358 1264 2436 Bruti,

118 2459 246 2542 Camilli,
269 2463 469 2542 Cincinnati,
492 2462 593 2542 Fabii,
616 2463 789 2547 Scipiones,
806 2464 953 2542 Catones,
976 2463 1056 2528 illud
1072 2464 1184 2546 priscae
1198 2463 1263 2526 vir·

117 2569 190 2633 tutia
210 2568 427 2646 domicilium,
460 2572 493 2632 et
515 2569 672 2635 esserum
695 2569 809 2634 deinde
831 2569 955 2648 sedem,
990 2567 1120 2633 nefariis
1143 2567 1265 2633 artibus

116 2675 198 2738 &net
220 2677 253 2738 et
275 2676 413 2757 occupat
435 2672 527 2738 hodie
550 2672 708 2738 Caesarum
740 2678 912 2759 perpetuus
943 2673 1065 2752 hostis,
1098 2673 1204 2758 mollis
1233 2677 1265 2738 et

117 2779 237 2844 semivir
258 2783 293 2845 et
325 2777 525 2844 effeminatus
556 2779 748 2864 negotiator.
793 2777 862 2846 Nec
890 2779 992 2843 solum
1023 2782 1175 2862 occupat,
1210 2776 1264 2841 sed

113 2883 161 2968 jus
182 2885 278 2950 etiem
301 2882 530 2950 bereditarium
560 2882 594 2946 in
624 2881 714 2947 illam
743 2882 805 2948 sibi
827 2883 989 2961 vendicat,
1022 2887 1055 2948 et
1082 2882 1263 2968 legitimum

117 2989 274 3056 dominnm
297 2989 379 3055 adeo
401 3010 466 3054 non
489 2988 641 3068 admittit,
665 2989 790 3073 atejus
812 2988 1002 3074 dignitatem
1025 3009 1152 3053 omnem
1174 3008 1265 3052 asna

117 3094 245 3179 pendere
265 3095 356 3162 dicat
377 3095 574 3160 auctoritate.
620 3093 679 3158 Ille
703 3095 861 3178 quondam
892 3097 961 3160 toto
991 3095 1068 3160 orbe
1096 3093 1263 3158 celeberri-

117 3221 181 3266 mus
200 3207 347 3280 senatus,
369 3221 464 3285 quem
485 3200 683 3284 conspicatus
700 3200 827 3284 quidam
844 3198 961 3285 Pyrrhi
976 3199 1116 3284 Epirotae
1139 3198 1263 3282 legatus

117 3303 233 3371 dicebat
255 3305 376 3370 babere
398 3304 595 3389 toti[Y]dern
618 3327 727 3392 reges,
764 3309 842 3389 quot
873 3310 978 3372 essent
1007 3305 1041 3370 iu
1065 3325 1102 3369 eo
1125 3302 1262 3388 patricii,

117 3407 212 3474 Deum
244 3410 481 3488 immortalem,
516 3415 672 3495 quantum
702 3415 750 3476 est
783 3411 844 3476 hoc
877 3415 1020 3496 tempore
1052 3410 1262 3474 immutatus?

118 3511 225 3581 Sedent
247 3517 282 3582 in
308 3537 346 3581 eo
369 3515 513 3581 homines
536 3518 624 3595 nori,
649 3539 783 3601 quorum
805 3517 872 3582 haeo
894 3520 941 3582 est
963 3516 1123 3602 praecipua
1143 3513 1209 3579 fere
1232 3517 1264 3578 et

120 3617 181 3684 sola
200 3641 285 3700 cure,
311 3623 431 3700 utres,
455 3621 558 3687 alieno
581 3623 687 3687 labore
710 3627 829 3707 partas,
855 3623 887 3687 in
911 3644 1033 3688 summo
1056 3620 1134 3685 luxu
1149 3622 1182 3683 et
1197 3619 1263 3683 otio
1370 3642 1385 3672 ο

118 3723 247 3810 vimque
269 3725 410 3792 mollitie
432 3729 464 3791 et
487 3727 685 3812 turpitudine
708 3733 906 3806 consumant,
930 3732 967 3792 ut
986 3727 1071 3791 orbis
1088 3722 1262 3789 Christiani

118 3831 289 3912 provincias
312 3831 466 3918 expilant,
490 3837 528 3898 ut
549 3833 608 3898 sub
630 3833 768 3898 ecclesie
783 3833 879 3898 titulo
895 3831 1020 3916 quidvis
1035 3828 1181 3894 audeant.
1219 3826 1261 3890 Hi

118 3940 187 4001 runt
207 3937 282 4003 novi
304 3937 395 4003 illiue
417 3937 582 4004 dictatoris
605 3939 789 4018 consiliarii,
813 3943 845 4002 et
867 3940 995 4002 senatus
1018 3932 1181 4018 praesides,
1206 3931 1262 4015 qui

119 4045 240 4125 proper
261 4043 467 4109 eeclesiarum
489 4043 807 4122 administrationem,
831 4047 868 4108 ut
891 4063 956 4127 prae
977 4063 1011 4105 se
1034 4041 1141 4104 ferunt
1164 4041 1196 4101 et
1219 4037 1261 4100 si-

119 4146 249 4226 mulant,
279 4149 315 4213 in
337 4171 411 4214 eum
435 4149 578 4214 ordinem
599 4151 709 4228 asciti,
743 4149 885 4226 faciunt,
919 4147 1003 4232 quod
1026 4145 1103 4208 olim
1124 4143 1261 4209 Romani

121 4253 270 4318 senatores
292 4253 453 4322 fecerunt:
477 4255 702 4322 administrant
717 4255 903 4341 provincias,
927 4257 959 4320 et
974 4250 1185 4317 emundantur
1199 4249 1261 4312 buc

121 4347 188 4418 illuc
208 4362 360 4443 tanquam
384 4361 588 4444 proconsules
610 4366 641 4427 et
662 4362 760 4449 legati
783 4367 824 4450 et,
838 4361 969 4426 tribuni.
1010 4356 1152 4440 Cumque
1174 4356 1259 4438 ipso·
