3172 4962
854 317 916 381 124

304 494 346 551 De
363 494 434 551 bovo
452 512 486 551 oo
503 494 579 564 lupo.
600 493 640 548 16.

305 582 346 638 Do
363 584 473 646 noctua,
491 599 553 652 quu
565 579 743 650 conqueritur
755 579 854 635 ooniro
871 575 970 631 luoom.
991 575 1032 630 17.

304 669 345 724 Do
363 686 469 724 oroneo
486 671 516 725 ot
532 657 627 723 verm'o
644 665 765 722 fuoionio
785 663 911 720 roricum.
933 664 973 719 18.

306 757 346 812 Do
364 759 441 812 torro
459 759 489 812 et
506 761 576 812 oure.
597 755 638 810 19.

304 842 346 898 Do
363 843 515 901 vermiculo
533 842 656 898 fuoiuubo
666 839 794 895 roricum.
812 837 856 893 20.

306 930 346 986 De
365 932 442 986 terro
460 932 489 985 ei
505 927 598 1000 primo
616 925 723 984 mobili.
742 925 783 980 21.

306 1016 347 1072 Do
364 1017 408 1072 dio
427 1019 456 1072 eb
474 1019 563 1074 uooie.
583 1016 624 1069 22.

306 1103 346 1158 Do
365 1103 493 1161 Danubio
511 1105 540 1159 oi
559 1118 675 1174 aequore.
695 1101 737 1158 23.

305 1189 346 1244 Do
364 1190 421 1246 uolo
439 1192 468 1245 ui
486 1189 615 1262 caligine.
634 1189 677 1242 24.

305 1276 346 1331 Do
364 1276 461 1346 aquilo
478 1279 508 1333 ei
525 1277 634 1333 foenioe.
652 1277 693 1330 25.

306 1362 347 1418 Do
365 1364 463 1434 vipera
482 1368 511 1420 et
529 1365 589 1435 ejus
607 1361 680 1418 filiis.
699 1362 741 1417 26.

307 1449 347 1504 De
366 1467 434 1508 ouno
452 1454 481 1508 ui
498 1452 574 1522 lupo.
595 1452 636 1505 2⁷.

493 1593 589 1658 Liber
611 1589 668 1656 IV.

306 1710 348 1766 De
364 1711 503 1782 murilego
522 1715 552 1768 ei
569 1726 659 1783 poroo.
679 1711 702 1766 1.

307 1797 348 1852 De
365 1815 447 1868 poroo
465 1801 494 1854 oi
513 1797 604 1868 vulpo.
624 1797 649 1850 2.

308 1885 348 1939 Do
366 1901 435 1940 cono
452 1887 482 1939 ei
499 1885 572 1954 lupo.
592 1883 617 1937 3.

305 1971 345 2026 Do
364 1970 449 2040 vulpe
467 1974 497 2026 et
514 1971 644 2025 mustela.
663 1971 687 2027 4.

305 2058 346 2114 Do
364 2075 417 2128 ape
436 2061 464 2113 et
482 2057 603 2112 bibione.
622 2059 647 2112 5.

305 2144 347 2200 Do
365 2161 448 2214 aquo,
466 2144 526 2201 oleo
544 2146 573 2198 oi
590 2143 713 2200 flamma.
733 2145 758 2200 6.

306 2231 347 2286 De
372 2232 479 2289 camelo
509 2234 539 2286 ei
561 2231 669 2288 duobus
692 2230 782 2286 tourir
812 2229 1012 2288 dimicantibus
1028 2233 1144 2303 proptor
1162 2230 1292 2286 vitulum.
1312 2235 1337 2287 7.

308 2319 348 2374 De
365 2317 466 2374 foeuico
492 2321 521 2374 ei
538 2319 636 2390 vipero
661 2317 804 2374 contrario
828 2317 860 2372 in
878 2311 992 2375 notuiu
1012 2320 1037 2374 8.

306 2405 346 2461 Do
364 2423 427 2462 roso
444 2408 473 2461 et
492 2405 560 2462 lilio.
579 2405 605 2460 9.

305 2493 346 2549 De
364 2493 462 2563 vipera
480 2494 510 2548 ot
527 2491 685 2561 elephanto.
705 2493 745 2547 10.

305 2581 346 2636 Do
364 2597 476 2652 passure
493 2582 522 2636 et
541 2581 661 2634 turture.
682 2580 722 2634 11.
