3146 4962
709 350 771 416 201

164 545 228 590 non
249 544 374 608 possem
397 524 616 590 austeritatem
639 524 758 610 regulae
772 523 937 590 sustinere.
983 520 1044 587 Isti
1059 543 1124 588 non
1139 520 1311 588 attendunt

163 628 300 715 apostoli
316 628 449 697 adPhil.
462 629 543 696 IV⁰:
566 630 673 696 omnia
696 650 821 714 possum
846 629 880 693 in
908 650 961 721 eo,
985 628 1041 714 qui
1062 648 1114 692 me
1139 625 1308 703 confortat,

163 733 196 799 id
218 739 267 800 est
289 733 442 801 Christus.
488 733 535 800 Ut
557 734 635 800 dicit
657 734 853 800 Bernardus:
886 734 919 798 in
943 756 976 799 se
998 733 1201 819 sperantibus
1223 732 1309 797 Deus

163 843 212 904 cst
241 838 410 904 thesaurus
440 840 474 904 in
504 843 706 924 paupertate,
739 839 887 905 solatium
922 838 956 902 in
985 838 1172 916 solitudine,
1204 836 1308 922 gloria

136 943 198 1007 ein
220 943 403 1023 ambitione,
427 944 528 1011 honor
550 944 585 1009 in
600 947 794 1029 contemptu,
822 941 1041 1009 umbraculum
1060 943 1094 1008 in
1112 942 1310 1028 protectione

163 1049 312 1132 apluria
333 1056 366 1115 et
387 1051 428 1116 ab
451 1056 540 1115 estis.
587 1049 760 1116 Fabulstor
782 1049 912 1135 quidam
934 1049 990 1130 ait,
1014 1047 1097 1133 quod
1120 1046 1202 1112 falco
1225 1047 1310 1131 cepit

163 1153 296 1218 milvum
328 1159 360 1221 et
382 1155 442 1220 sub
465 1156 598 1242 pedibus
620 1155 687 1221 suis
716 1155 828 1240 dejecit
858 1159 890 1221 et
924 1177 996 1220 cum
1018 1175 1082 1219 uno
1106 1152 1184 1240 pede
1206 1152 1311 1237 ipsum

162 1259 369 1325 conculcabat
390 1260 514 1326 dicens:
546 1259 678 1340 infelix,
709 1281 844 1346 magnus
875 1264 907 1324 et
937 1259 1030 1325 fortis
1060 1279 1093 1324 es
1124 1261 1161 1323 tu
1182 1259 1220 1322 ut
1241 1277 1310 1343 ego,

163 1385 260 1449 quare
281 1369 314 1430 te
336 1387 401 1430 non
425 1365 584 1449 defendis,
615 1366 691 1450 quic
722 1369 756 1430 te
784 1365 931 1432 conculco
961 1369 994 1432 et
1014 1361 1198 1431 eviscerare
1215 1363 1311 1429 volo?

123 1489 149 1528 1⁰
163 1471 221 1538 tui
243 1471 317 1536 illex
346 1493 456 1537 verum
480 1471 576 1552 dicis,
609 1472 685 1556 quia
716 1493 852 1557 magnus
883 1475 915 1537 et
944 1470 1037 1536 fortis
1068 1491 1140 1534 sum
1161 1468 1246 1533 ultra
1268 1471 1310 1548 te,

163 1579 302 1642 rostrum
326 1577 410 1641 enim
432 1576 533 1642 babeo
556 1582 588 1644 et
609 1576 704 1661 pedes
727 1576 894 1657 fortiores,
926 1576 980 1642 sed
1009 1575 1090 1640 mibi
1119 1573 1226 1639 deficit
1247 1595 1310 1640 eor.

163 1681 216 1747 Sic
237 1681 323 1748 euim
346 1682 441 1747 multi
463 1683 566 1749 multa
587 1683 672 1749 bona
692 1704 786 1768 agere
808 1685 951 1768 possunt,
974 1681 1029 1748 sed
1051 1679 1156 1746 deficit
1177 1678 1240 1744 sibi
1258 1699 1312 1743 cor

163 1790 195 1852 et
228 1787 376 1852 voluntas
411 1785 557 1853 faciendi.
614 1786 749 1864 Quidam
781 1789 894 1855 cecidit
924 1790 958 1854 in
986 1787 1134 1866 flumine,
1168 1783 1311 1850 nesciens

163 1896 283 1972 natare,
307 1891 391 1958 unde
405 1893 503 1978 coepit
519 1895 669 1960 clamare:
693 1899 801 1960 sancte
816 1893 943 1985 Georgi,
960 1895 1073 1978 adjuva
1086 1893 1154 1956 mel
1176 1889 1311 1956 Sanctus
1433 1889 1436 1900 ’

20 2041 26 2048 -
125 2013 152 2054 1⁶
165 2000 273 2062 antem
285 1995 439 2084 Georgius
462 1998 554 2063 affuit
570 1999 660 2083 eique
683 2000 779 2066 dixit:
801 1999 933 2084 trepide,
958 1999 1072 2082 adjuva
1081 1997 1181 2062 temet
1195 1995 1310 2078 ipsum,

164 2123 256 2167 more
278 2124 407 2168 manum
430 2107 462 2169 et
484 2104 579 2188 pedes
601 2107 634 2170 et
655 2104 848 2185 liberaberis,
873 2105 948 2190 quia
970 2104 1024 2188 qui
1047 2123 1079 2167 se
1097 2101 1198 2186 juvat,
1218 2101 1311 2186 jura·

163 2210 217 2272 tur
240 2228 259 2272 a
281 2206 356 2272 Deo.
402 2205 454 2275 Sic
474 2210 561 2275 enim
584 2211 686 2277 facere
708 2211 820 2290 debet,
852 2211 907 2295 qui
935 2208 1048 2304 cecidit
1080 2208 1114 2271 in
1136 2209 1309 2290 peecatum,

165 2333 230 2377 non
253 2313 356 2378 solum
378 2314 471 2380 debet
494 2315 594 2382 eDeo
611 2317 735 2383 veniam
763 2316 923 2402 postulare
945 2337 1009 2394 ore,
1031 2313 1085 2378 sed
1102 2309 1225 2396 operari
1241 2328 1311 2393 quse

164 2421 277 2502 potest,
301 2421 338 2483 ut
360 2441 379 2484 a
400 2422 537 2505 peccetis
560 2427 713 2509 resurgat
759 2422 871 2488 Refert
892 2419 1093 2508 Augustinus
1115 2418 1151 2482 in
1174 2414 1309 2502 epistola

123 2539 149 2577 2⁰
163 2522 202 2588 ad
225 2523 464 2605 Hieronimunr,
496 2529 580 2611 quod
611 2549 683 2594 cum
711 2530 839 2615 quidam
871 2529 904 2594 in
928 2531 1057 2614 puteum
1088 2521 1250 2590 suddisset
1277 2521 1310 2584 et

163 2627 245 2693 alius
266 2633 500 2714 superveniens,
524 2633 681 2716 quomodo
704 2634 781 2699 illuc
803 2633 965 2713 ceciderat,
993 2629 1224 2714 interrogaret,
1247 2623 1309 2689 uit:

164 2756 214 2812 ne,
237 2756 352 2818 quasso,
377 2759 516 2822 quaeras,
541 2740 677 2824 qualiter
700 2739 761 2807 hnc
784 2739 966 2819 ceciderim,
989 2736 1043 2803 sed
1065 2733 1207 2819 inquire,
1231 2749 1310 2834 qua·

163 2839 237 2905 liter
259 2840 394 2907 liberare
414 2843 517 2927 possis
539 2865 599 2910 me.

408 3015 465 3082 De
487 3040 625 3104 upupa
646 3023 691 3086 et
712 3039 887 3106 papago,
913 3015 1063 3083 dial-59.

124 3170 150 3210 u
252 3152 367 3239 Upupa
388 3155 532 3238 quadem
554 3157 622 3223 avis
643 3161 701 3236 est,
724 3160 761 3222 ut
783 3157 861 3223 dicit
882 3155 960 3225 Isid.
983 3153 1103 3221 lithim
1123 3150 1204 3218 XII:
1228 3175 1309 3238 upu-

162 3281 237 3342 pam
259 3257 361 3325 Grceci
384 3261 548 3344 appellant
570 3283 623 3341 eo,
653 3261 736 3346 quod
757 3265 895 3328 stercora
917 3262 1057 3328 humana
1078 3256 1256 3323 consideret
1278 3258 1311 3319 et

162 3363 288 3430 foetenti
310 3369 457 3448 pascatur
478 3366 564 3448 limo,
587 3365 879 3451 arisspurcissims,
903 3365 1007 3432 cristis
1030 3361 1229 3429 exstantibus
1252 3381 1310 3446 ga·

161 3469 261 3546 leste,
293 3491 416 3555 semper
438 3471 472 3535 in
501 3470 677 3556 sepulchris
700 3475 733 3537 et
763 3471 904 3537 humano
934 3475 1072 3536 stercore
1102 3486 1310 3542 commorans,

162 3573 251 3655 cujus
280 3574 435 3658 sanguine
463 3575 520 3658 qui
550 3597 582 3641 se
612 3576 757 3656 unxerit,
789 3575 960 3641 dormitum
988 3594 1122 3660 pergens
1154 3573 1311 3637 doemcms

123 3699 149 3738 so
163 3675 353 3741 suffocantes
376 3678 559 3746 assidebit
607 3679 692 3760 Haec,
717 3680 944 3766 propterquod
967 3684 1015 3745 cst
1029 3677 1163 3763 pulchra
1185 3680 1218 3741 et
1240 3676 1309 3761 pla-

162 3779 230 3846 cide
258 3780 390 3846 cristate
411 3783 586 3866 pennisque
609 3785 750 3864 variata,
784 3785 955 3851 sublimare
977 3805 1010 3848 se
1032 3783 1147 3867 coepit,
1182 3783 1311 3847 intuens

160 3905 321 3972 papagnm
344 3909 440 3972 penes
464 3909 571 3973 regem
593 3891 711 3956 merari
726 3891 761 3954 in
777 3913 870 3957 cavea
891 3879 1050 3970 deaurata,
1074 3889 1131 3973 qui
1154 3891 1187 3953 et
1202 3884 1311 3972 splen-

162 3991 234 4057 dide
256 3991 444 4077 pascebatur
466 3992 504 4056 de
526 3993 596 4058 cibo
618 3996 713 4080 regis,
737 3999 769 4060 et
785 3995 847 4060 ait:
869 3995 993 4080 placida
1007 4017 1077 4060 sum
1098 3997 1136 4059 ut
1157 4013 1310 4078 papagus,

162 4100 267 4162 umen
290 4117 408 4182 magno
429 4097 537 4163 labore
559 4097 665 4185 cibum
688 4099 768 4163 mihi
790 4121 913 4183 qnaero,
946 4099 1008 4164 iste
1037 4103 1142 4164 autem
1168 4117 1311 4184 papagus

124 4222 148 4262 ee
162 4201 230 4267 sine
253 4201 366 4268 sudore
393 4201 566 4269 honorifice
594 4208 702 4269 manet
735 4207 767 4269 ct
796 4204 835 4269 ad
858 4204 986 4269 libitum
1017 4207 1196 4281 saturatur,
1226 4206 1311 4267 certe

162 4305 232 4372 velo
254 4306 294 4371 ad
316 4327 424 4392 regem
447 4308 493 4372 ire
523 4311 556 4372 et
578 4308 611 4372 in
636 4329 729 4374 cavea
751 4330 863 4375 canere
891 4313 924 4374 et
954 4313 991 4374 ut
1013 4328 1155 4394 papagus
1187 4306 1309 4391 epulari

162 4415 194 4476 et
216 4411 352 4498 gaudere
375 4433 448 4498 cum
471 4413 609 4482 domino.
654 4413 740 4480 Dum
762 4418 868 4481 autem
896 4414 935 4482 ad
957 4435 1066 4502 regem
1088 4413 1250 4480 advolaret
1277 4417 1309 4480 et
