3172 4962
827 313 888 376 1⁷8

284 481 443 548 xwi:
467 483 515 548 ire
537 504 600 546 non
623 483 719 550 habet
741 483 1000 549 misericordiam.
1046 485 1138 552 Unde
1167 486 1265 550 refert
1287 483 1441 551 Valerius

285 587 366 652 libro
389 586 435 652 VI
458 609 525 673 cap.
548 587 619 666 11⁰,
653 587 736 672 quod
769 610 839 653 cum
861 587 1030 674 Philippus
1061 598 1121 655 rex'
1143 591 1218 655 rino
1241 589 1440 654 temulentus

285 697 384 772 esset,
408 692 572 757 sinistram
595 693 786 758 sententiam
812 698 924 759 contra
947 697 1115 778 quamdam
1138 696 1267 760 viduam
1289 693 1439 780 protulit,

285 819 355 880 quae
377 797 543 880 adipsum
566 798 715 862 accedens
739 797 837 875 dixit,
868 819 901 862 se
931 799 1092 882 appellare
1122 821 1141 863 a
1163 798 1314 884 Philippo
1346 799 1438 864 ebrio

257 903 323 967 ead
335 903 521 988 Philippum
537 904 687 969 sobrium.
734 904 881 980 Quicum
897 905 1004 970 vinum
1021 906 1215 992 digessisset,
1239 907 1435 972 sententiam

284 1009 451 1074 revocavit.
499 1009 653 1074 Similiter
675 1008 776 1074 fertur
792 1009 829 1074 de
841 1011 1014 1094 peccatrice
1030 1011 1170 1090 muliere,
1194 1012 1276 1096 quod
1289 1011 1438 1095 judicata

285 1137 303 1179 a
326 1114 514 1180 crudelitate
536 1113 715 1180 Ptholomei
738 1114 966 1199 sapientissimi
990 1116 1074 1200 regis
1096 1115 1249 1202 AEgypti,
1275 1115 1439 1202 impavida

284 1217 458 1304 appellavit
480 1219 519 1283 ad
543 1218 773 1304 benignitatem
798 1218 875 1283 dicti
899 1219 992 1304 regis,
1020 1219 1076 1302 qui
1098 1223 1208 1303 postea
1230 1221 1436 1286 considerans

284 1323 441 1388 revocavit
468 1323 659 1388 sententiam
674 1322 815 1400 dicendo,
840 1323 922 1406 quod
942 1321 1008 1405 ejus
1024 1321 1207 1408 benignitas
1231 1327 1262 1390 et
1285 1345 1437 1390 mansue·

246 1442 271 1479 1⁰
286 1428 362 1492 tudo
385 1427 514 1512 pietatis
538 1449 576 1492 ex
599 1428 668 1512 ipso
687 1427 758 1511 jure
781 1427 893 1492 debeat
915 1427 1089 1511 praecedere
1111 1428 1339 1494 crudelitatem.

483 1601 539 1667 De
563 1601 765 1685 delphino
788 1605 828 1666 ct
851 1603 1059 1687 anguilla,
1085 1603 1157 1668 dial.
1183 1607 1237 1702 37.

373 1741 552 1826 Delphinus
575 1741 669 1824 piscis
692 1745 751 1820 est,
774 1742 812 1807 de
835 1763 896 1825 quo
920 1743 997 1807 dicit
1009 1741 1083 1807 Isid.
1108 1742 1192 1808 libro
1214 1741 1333 1810 Elthim
1354 1740 1438 1806 ΧΠο

286 1845 428 1932 delphini
460 1850 579 1912 certum
613 1845 748 1924 habent,
778 1847 862 1930 quod
885 1869 975 1912 voces
998 1847 1164 1912 hominum
1190 1852 1364 1932 sequantur
1386 1847 1439 1912 vel

286 1953 369 2036 quod
391 1953 430 2016 ad
454 1952 668 2036 simphoniam
692 1951 851 2038 gregatim
875 1953 1074 2017 conveniant.
1121 1951 1211 2017 Nihil
1235 1954 1268 2016 in
1284 1953 1366 2016 mari
1381 1973 1436 2016 re·

247 2085 271 2123 rs
287 2056 387 2120 locius
428 2056 521 2135 istis,
567 2078 640 2120 nam
681 2056 866 2139 plerumque
903 2055 1053 2121 salientes
1092 2079 1187 2122 naves
1225 2057 1436 2122 transvolant.

286 2159 418 2237 Quando
442 2164 547 2225 autem
570 2160 752 2245 praeludunt
775 2161 807 2224 in
831 2160 979 2225 fluctibus
1000 2165 1031 2226 et
1054 2161 1210 2226 undarum
1240 2183 1273 2226 se
1296 2162 1437 2227 motibus

285 2265 370 2332 saltu
400 2265 556 2351 praecipiti
586 2264 711 2344 ferunt,
743 2270 946 2349 tempestates
977 2266 1157 2352 significare
1188 2267 1346 2331 videntur.
1393 2262 1438 2331 Hi

284 2369 411 2455 proprie
433 2370 571 2436 simones
594 2371 810 2435 nominantur.
856 2369 915 2434 Est
930 2370 1026 2435 etiam
1039 2370 1261 2454 delphinorum
1277 2391 1377 2455 genus
1401 2372 1435 2436 in

286 2475 372 2555 Nilo,
396 2477 488 2541 dorso
511 2481 649 2554 serrato,
681 2476 736 2559 qui
766 2475 950 2540 cocodrillos
980 2481 1089 2540 tenera
1112 2477 1271 2540 ventrium
1293 2484 1435 2541 meantes

246 2609 271 2646 no
286 2582 487 2647 interimunt.
533 2580 711 2665 Delphinus
735 2587 841 2667 autem
864 2581 993 2664 quidam
1023 2601 1093 2644 curn
1117 2582 1150 2644 in
1174 2580 1307 2647 marinis
1330 2580 1435 2644 flucti-
1564 2605 1565 2610 ¹

286 2687 343 2750 hus
377 2685 535 2749 inveniret
564 2684 756 2768 anguillam,
798 2707 867 2749 eam
897 2684 1082 2767 occupavit,
1115 2685 1198 2748 unde
1231 2684 1333 2768 ipsam
1365 2705 1437 2768 per·

286 2791 376 2874 sequi
397 2779 569 2854 inchoavit.
617 2788 705 2873 Saepe
728 2791 811 2853 enim
836 2811 905 2852 eam
928 2788 1203 2872 apprehendebat,
1227 2789 1282 2853 sed
1304 2792 1436 2874 propter

286 2893 500 2958 lubricitatem
524 2894 675 2978 anguillae
698 2894 835 2958 retinere
858 2915 919 2957 non
938 2893 1073 2959 valebat.
1119 2894 1166 2958 De
1183 2915 1246 2977 quo
1261 2892 1438 2979 plurimum
1564 2947 1565 2954 ,

286 2999 483 3063 tristabatur.
532 2999 685 3084 Anguilla
715 3003 821 3064 autem
852 3000 959 3064 volens
989 2999 1050 3064 sibi
1079 2999 1210 3064 illudere
1242 3000 1282 3064 ab
1304 3001 1437 3084 ipsoque

247 3103 433 3180 arevadere,
465 3103 576 3167 callide
608 3105 738 3188 loquuta
768 3107 817 3167 est
846 3103 874 3167 ei
898 3104 1022 3168 diceus:
1055 3103 1245 3187 odelphine
1270 3104 1436 3184 mirabilis,

287 3207 375 3272 doleo
398 3207 435 3271 de
458 3212 509 3286 te,
542 3208 626 3292 quod
659 3207 791 3272 nimium
817 3207 964 3292 fatigaris
992 3212 1025 3272 et
1048 3207 1187 3273 tristaris
1210 3212 1283 3293 post
1304 3229 1355 3273 me
1378 3230 1436 3272 na·

286 3311 400 3388 tando,
424 3311 534 3375 sedin
559 3334 673 3376 vanum
698 3312 832 3389 laboras,
857 3333 921 3376 non
946 3313 1030 3375 enim
1055 3312 1088 3375 in
1108 3311 1265 3395 profundo
1281 3335 1436 3396 aquarum

286 3439 336 3481 me
357 3408 603 3500 in‘perpetuum
627 3416 748 3500 capies,
772 3416 825 3480 sed
848 3437 945 3501 perge
969 3437 1090 3480 mecum
1115 3417 1153 3480 ad
1179 3417 1324 3500 paludem
1348 3420 1381 3482 et
1402 3417 1436 3481 in

286 3523 367 3586 sicco
398 3526 430 3585 et
461 3523 500 3586 ad
531 3521 660 3585 libitum
694 3543 743 3584 me
766 3521 906 3586 habebis.
953 3520 1130 3605 Delphinus
1154 3530 1259 3586 autern
1282 3521 1437 3607 insipieus

247 3635 417 3712 eapropter
440 3625 556 3691 furiam
589 3630 621 3691 et
651 3628 855 3707 gulositatem
879 3648 968 3690 suam
993 3630 1063 3710 post
1085 3627 1174 3691 illam
1198 3629 1309 3692 natare
1331 3627 1437 3713 coepit,

286 3732 394 3796 volens
424 3751 493 3794 eam
515 3731 646 3794 omnino
677 3731 789 3795 delere.
835 3729 990 3814 Anguilla
1014 3752 1104 3810 vere,
1135 3732 1210 3795 dum
1233 3733 1272 3796 ad
1306 3733 1436 3815 paludes

286 3858 357 3900 eum
381 3836 537 3914 duxisset,
569 3836 603 3899 in
627 3835 744 3899 siccum
775 3835 935 3900 descendit
968 3837 1092 3900 dicens:
1124 3837 1276 3901 adscende
1307 3836 1346 3901 ad
1377 3857 1438 3915 me,

287 3942 361 4024 quia
384 3965 402 4005 a
426 3942 583 4006 radicibus
606 3941 775 4006 herbarum
799 3941 960 4030 retinebpr
990 3947 1022 4005 et
1053 3946 1089 4006 tu
1120 3943 1157 4006 de
1189 3965 1238 4007 me
1260 3941 1436 4008 satiaberis

286 4037 464 4130 Delphinus
488 4049 592 4110 autem
617 4046 735 4110 saltum
758 4045 854 4123 dedit,
879 4051 914 4110 ut
937 4047 1112 4131 anguillam
1136 4051 1272 4131 raperet,
1297 4047 1350 4111 sed
1370 4047 1439 4130 ipsa

247 4173 272 4210 aa
287 4151 345 4214 sub
376 4155 461 4216 terra
492 4152 587 4215 latuit
612 4155 643 4215 et
667 4150 836 4235 delphinus
867 4152 901 4215 iu
924 4153 1006 4216 sicco
1028 4153 1212 4236 permansit.
1259 4151 1349 4217 Inter
1370 4149 1438 4215 haec

286 4255 414 4337 quidam
438 4257 576 4341 piscator
599 4256 729 4320 advenit
761 4261 793 4321 et
827 4255 1012 4339 delphinum
1046 4256 1276 4322 transvibrarit
1309 4257 1437 4322 dioensr

287 4361 341 4446 qui
364 4381 435 4426 cum
458 4361 589 4428 inimico
612 4361 713 4442 vadit,
738 4384 801 4427 non
826 4366 874 4428 est
896 4362 1029 4442 mirum,
1061 4362 1090 4427 si
1113 4367 1191 4432 tunc
1212 4362 1305 4430 cadit.
1350 4361 1438 4450 Ergo
