3074 4952
777 273 842 336 248

235 451 267 513 et
288 448 433 526 flammis,
457 447 599 513 avellunt
620 451 737 512 matres
758 469 778 510 a
799 445 937 510 filiarum
961 443 1176 528 amplexibus,
1203 445 1287 510 filios
1310 449 1386 510 tan-

235 558 303 618 tum
327 575 389 618 non
413 555 448 618 in
470 557 640 638 conspectu
661 555 800 616 matrum
815 550 1050 628 excarnificant,
1073 550 1205 616 maritos
1220 551 1260 617 ab
1275 552 1387 616 uxori-

236 659 294 722 bus
317 663 349 723 et
364 658 472 723 liberis
491 659 617 724 avulsos
633 658 667 721 in
684 657 874 722 teterrimos
889 677 1026 722 carceres
1042 655 1206 740 abjiciunt,
1229 661 1271 734 et,
1294 657 1388 740 quasi

235 785 360 828 omnem
383 764 529 829 humanae
552 763 745 828 condicionis
768 785 894 828 sensum
918 759 1145 846 deposuissent,
1168 761 1215 826 ita
1228 761 1388 836 saeviunt3

235 867 440 933 dominantur
467 869 582 932 animis
611 868 794 946 hominum,
828 872 862 932 et
892 867 1042 950 loquendi
1075 865 1227 932 facultate
1257 865 1390 950 privant

236 993 308 1050 eos;
342 972 523 1052 affirmant,
555 995 619 1038 non
642 973 735 1038 licere
758 973 921 1056 cuiquam,
946 971 997 1035 his
1020 971 1174 1036 derebus
1197 975 1389 1036 011100011-

236 1077 344 1142 cilium
367 1098 469 1162 agere,
494 1081 526 1142 et
547 1081 654 1142 tamen
678 1077 724 1141 ita
747 1080 927 1162 sugerunt,
952 1079 989 1140 ut
1011 1075 1138 1140 concilii
1154 1097 1243 1161 apem
1258 1095 1389 1140 ornnem

236 1182 411 1267 praecidant
433 1185 466 1247 et
488 1182 642 1246 auferant.

324 1286 391 1352 Has
406 1287 548 1352 miseriae
564 1286 649 1351 orbis
665 1285 841 1352 Christiani
864 1287 983 1370 respice
1006 1286 1145 1364 landem,
1168 1287 1392 1370 potentissime

237 1389 349 1470 Caeaar,
374 1413 475 1475 neque
492 1397 524 1456 te
540 1395 664 1458 moveat
679 1391 742 1456 ista
757 1392 891 1476 profana
906 1395 939 1456 et
954 1390 1109 1476 Epicurea
1123 1391 1390 1458 otiosissimorum

237 1498 402 1563 hominum
425 1497 529 1575 turba,
554 1496 609 1581 qni
631 1495 721 1560 nulla
735 1496 834 1560 officii
850 1496 982 1562 caritate
997 1496 1058 1560 tibi
1074 1501 1149 1561 sunt
1164 1498 1389 1577 commendati,

239 1601 292 1666 sed
315 1603 348 1667 in
371 1601 509 1686 patriam
532 1605 564 1666 et
586 1602 620 1664 in
643 1601 813 1685 imperium
835 1605 922 1666 totus
956 1601 1096 1680 intuere,
1126 1602 1177 1666 cui
1199 1602 1290 1666 datus
1312 1623 1345 1666 es
1370 1623 1392 1667 a

238 1705 305 1771 Deo
321 1706 525 1792 gubernator,
551 1706 638 1789 cujus
657 1707 859 1771 incolumitas
882 1710 978 1791 atque
1000 1708 1095 1786 salus,
1119 1707 1217 1772 tacito
1241 1705 1391 1791 quodam,

238 1814 291 1876 sed
314 1811 494 1876 vehementi
517 1815 623 1876 tamen
648 1815 680 1876 et
701 1812 766 1876 acri
790 1815 912 1877 naturae
935 1813 1091 1896 impulsu,
1122 1812 1184 1877 tibi
1206 1833 1274 1876 esse
1295 1811 1393 1876 debet

238 1917 332 2002 longe
348 1915 517 1980 carissima
552 1915 633 1993 Quia
648 1916 713 1980 late
728 1916 897 1980 admodum
920 1917 1102 1995 dominaris,
1126 1936 1184 1980 nec
1207 1915 1263 1979 uni
1285 1914 1393 1980 solum

238 2022 355 2104 populo
377 2042 495 2104 praees,
526 2019 685 2103 impeditae
709 2024 784 2084 sunt
806 2021 945 2086 rationes
968 2025 1051 2098 tuce,
1086 2041 1151 2084 non
1175 2019 1305 2084 dubium
1327 2023 1389 2084 eat.

238 2124 335 2190 Aliud
358 2125 443 2190 enim
465 2123 621 2208 Hispania
643 2126 786 2210 requirit,
810 2124 895 2190 aliud
913 2124 1084 2190 Germania
1106 2125 1196 2208 petit,
1220 2125 1307 2190 aliud
1322 2124 1392 2190 Ro·

238 2251 351 2294 manus
374 2228 429 2294 ille
450 2230 631 2315 negotiator
653 2229 802 2313 postulat.
837 2228 883 2292 Ut
897 2229 947 2293 his
970 2229 1117 2294 omnibus
1139 2229 1314 2295 humanum
1335 2230 1391 2294 in-

238 2337 367 2422 genium
391 2340 423 2401 et
445 2337 614 2420 prudentia
636 2334 925 2419 satisfa[Yiij]ciat‚
948 2336 1080 2400 omnino
1102 2334 1172 2399 fieri
1193 2355 1258 2400 noo
1273 2337 1392 2419 potest.

239 2439 342 2506 Unica
363 2441 465 2506 solum
488 2441 618 2519 catria,
642 2463 700 2506 nec
722 2440 785 2505 alic
807 2443 921 2525 praeter
946 2439 1031 2505 hanc
1054 2441 1192 2506 inveniri
1214 2443 1327 2524 potest,
1352 2444 1395 2505 ut

240 2545 368 2624 seilicet,
391 2546 511 2610 nullius
535 2550 673 2610 externae
695 2547 750 2625 rei,
776 2549 1019 2630 quantacunque
1041 2546 1100 2625 sit,
1122 2545 1395 2623 habitatatione,

240 2649 301 2714 Dei
323 2650 478 2714 duntaxat
502 2673 607 2714 veram
629 2651 765 2734 gloriam
797 2672 938 2734 quaeras,
971 2650 1061 2736 eique
1083 2656 1187 2716 cetera
1209 2649 1395 2716 committas

240 2754 357 2818 omnia.

761 2845 765 2850 Ι
808 2877 825 2916 ss

240 2963 402 3030 schleiffeu
424 2964 485 3030 den
507 2985 564 3030 son
587 2986 644 3030 vor
667 2965 721 3030 der
743 2968 865 3043 maur,
895 2965 945 3030 die
967 2967 1072 3032 muter
1095 2986 1150 3030 vor
1172 2965 1227 3031 der
1249 2965 1396 3049 dochter,

241 3069 301 3134 den
316 3092 391 3134 man
407 3090 463 3134 vor
482 3070 536 3134 der
558 3070 678 3137 frawen
701 3071 766 3134 und
789 3070 952 3149 kinderen‚
975 3071 1103 3157 hinweg
1127 3071 1159 3135 in
1183 3071 1398 3136 erbtrmliche

241 3173 419 3261 gefdngnis.
466 3174 600 3260 Sparten
625 3176 684 3240 den
707 3176 814 3240 leuten
837 3175 892 3239 das
916 3175 1021 3254 1110111,
1046 3176 1111 3240 und
1135 3197 1249 3262 sagon,
1280 3197 1312 3240 es
1335 3197 1396 3261 ge-

240 3281 318 3345 bssre
340 3281 488 3346 niemand
511 3280 694 3346 ausserhalb
718 3282 789 3345 dem
812 3280 954 3345 Concilio
977 3281 1079 3345 daven
1108 3285 1147 3347 zll
1179 3281 1293 3360 reden,
1325 3283 1397 3347 und

241 3385 355 3449 stellen
378 3384 445 3450 sich
468 3386 546 3451 doeh
570 3385 647 3451 aller
671 3385 749 3470 ding
771 3385 847 3464 also,
872 3384 927 3448 das
950 3406 1024 3449 man
1045 3384 1154 3450 keiner
1170 3384 1398 3451 Reformation

242 3490 316 3554 oder
339 3488 469 3570 Ooncdi,
492 3513 555 3556 von
577 3491 651 3555 inen
675 3494 714 3554 cil
738 3493 899 3574 gewarten
922 3490 987 3554 hat.

243 3595 340 3660 Disen
359 3595 462 3679 jamer
484 3596 548 3660 und
572 3595 675 3660 ellend
705 3595 761 3660 der
783 3593 1018 3673 Christenheit‚
1054 3596 1119 3660 und
1142 3597 1177 3660 in
1209 3596 1398 3666 sonderheit

243 3701 296 3766 des
319 3721 428 3765 armen
453 3701 639 3787 einfeltigen
669 3700 794 3780 velulis,
826 3700 871 3765 sol
894 3699 930 3764 E.
956 3699 998 3764 M.
1022 3700 1070 3765 als
1091 3723 1187 3767 unser
1209 3702 1287 3768 aller
1309 3709 1397 3789 gnit-

244 3807 363 3891 digster
387 3805 479 3886 Hem,
504 3827 560 3871 aas
583 3806 810 3894 Keiserlichem
834 3805 1052 3872 attterlichem
1075 3801 1205 3891 gemit,
1228 3807 1399 3893 gnidigiat

244 3910 423 3975 bedencken
447 3911 513 3975 und
535 3933 689 3999 erwegen,
713 3912 794 3978 auch
817 3913 852 3977 in
872 3912 972 3977 disem
988 3912 1082 3976 allem
1097 3911 1188 3990 rhun,
1213 3913 1272 3977 wie
1287 3917 1399 4000 guttas

243 4016 320 4093 ehr,
355 4015 422 4080 und
452 4019 595 4102 gemeine
623 4018 750 4083 wulfart
773 4018 900 4083 l‘ordert.
947 4015 989 4081 Es
1019 4017 1170 4082 seufftaen
1200 4018 1261 4083 alle
1291 4017 1400 4088 frome
1535 4097 1536 4102 ἵ

243 4119 372 4184 hertaen
396 4121 498 4185 neben
522 4122 604 4200 Get,
641 4128 678 4188 aii
701 4124 736 4189 E.
761 4123 804 4188 Μ.
837 4124 884 4188 ale
916 4124 967 4187 die
996 4123 1041 4187 sie
1070 4123 1229 4188 erkennen
1253 4145 1308 4189 vor
1332 4125 1399 4190 den

241 4221 375 4390 jfhenle‘m
410 4225 464 4288 der
486 4227 519 4291 in
543 4229 631 4292 disen
654 4229 768 4293 sachen
792 4229 882 4294 mehr
905 4229 989 4294 dana
1013 4226 1074 4292 alle
1096 4227 1287 4293 Potentaten
1310 4230 1401 4296 helf-

258 4347 298 4390 en
343 4349 392 4394 cn.
