3058 4946
601 339 617 360 ⁸
667 359 728 423 147

115 525 181 590 Vix
203 527 270 592 lats
292 529 463 606 sententia,
488 531 599 595 stetim
620 535 730 596 exorte
751 530 828 598 sun't
850 534 944 612 bella,
968 537 1083 619 quibus
1107 537 1153 604 ita
1171 539 1270 620 fuisti,

115 629 230 708 (ΞΜ,
253 633 436 716 impeditus,
469 639 505 698 ut
526 635 600 700 huic
621 657 722 700 ceusae
745 639 899 722 temporis
923 643 954 704 et
975 641 1033 704 otii
1057 645 1134 708 satis
1158 645 1196 708 ed
1222 647 1271 710 in-

114 743 312 802 crementum
334 745 522 821 superesset
568 737 643 814 Quae
666 741 794 823 quidem
820 743 903 808 belle
925 745 1057 828 gerebas
1081 752 1192 813 contre
1214 737 1298 833 pc·¹

115 843 331 906 lentissimum
355 842 480 908 hostem
505 865 561 927 per
581 867 681 909 anuos
713 868 843 926 novem,
876 869 970 931 quem
993 851 1019 914 si
1043 856 1191 934 pecatum
1215 855 1273 919 he·

113 945 255 1022 bnieees,
292 947 387 1012 facile
410 953 539 1030 peteres
568 955 599 1012 et
631 954 686 1014 tuu
719 955 751 1015 et
784 953 960 1034 pontilicis,
997 977 1090 1038 quem
1122 959 1272 1037 tuebaris,

113 1049 271 1116 desiderio
293 1053 488 1118 satisfacere.
535 1051 618 1118 Nam
642 1056 824 1122 meminisse
847 1061 958 1141 potes,
994 1065 1090 1143 etque
1122 1063 1275 1128 memorie

112 1161 276 1239 repetere,
313 1158 343 1222 si
366 1157 493 1220 nullum
516 1157 740 1224 intervenisset
760 1163 862 1244 majus
886 1162 1107 1242 obstaculum,
1142 1187 1184 1230 au
1208 1188 1271 1230 non

111 1261 208 1326 fueris
231 1264 307 1347 ipsa
331 1284 381 1342 re,
405 1262 489 1346 quod
513 1264 616 1327 verbis
639 1269 734 1328 antea
755 1267 892 1344 feceram,
923 1268 1159 1348 declaraturus,
1193 1293 1274 1354 prae-

112 1369 221 1432 sert-im
246 1389 326 1432 cnm
350 1368 382 1432 id
411 1367 564 1450 temporis
592 1390 649 1451 per
678 1373 805 1434 aetetem
835 1393 899 1437 non
934 1393 1040 1456 posses
1073 1374 1118 1438 rei
1149 1377 1274 1461 magni-

112 1471 258 1536 tudinem
282 1473 451 1557 pcrridere
474 1475 584 1548 tutam,
608 1476 641 1536 et
664 1473 705 1536 eb
727 1494 837 1538 eorum
861 1475 1012 1558 penderes
1034 1478 1189 1556 consilio,
1218 1480 1273 1563 qui

111 1575 295 1640 doctrinam
320 1575 405 1641 hanc
428 1576 561 1642 oderant
582 1576 797 1642 infestissime.
830 1577 922 1643 Certe
941 1580 1084 1665 plerique
1106 1603 1215 1648 omnes
1239 1585 1272 1649 in
1378 1580 1383 1592 '

112 1701 147 1744 ea
166 1686 248 1746 sunt
272 1681 460 1757 sententia,
494 1685 527 1745 te
555 1703 618 1746 uon
643 1681 739 1746 luisse
762 1682 944 1749 defuturum
968 1689 1180 1770 expectationi
1202 1690 1273 1772 plu·

112 1783 290 1862 rimorum,
325 1791 358 1850 et
380 1785 538 1869 pontificii
560 1809 669 1850 omnes
692 1809 747 1872 per
770 1787 994 1869 Germaniam,
1027 1793 1150 1875 quoties
1173 1793 1273 1858 infor-

112 1890 205 1954 tunia
228 1911 292 1956 sna
307 1888 489 1974 deplorant,
512 1891 627 1956 diserte
644 1893 866 1976 pronuntiant,
890 1917 939 1958 res
958 1917 1021 1960 non
1037 1897 1133 1961 fuisse
1149 1919 1275 1963 cesurae

113 1994 146 2058 in
167 2015 255 2073 eum,
282 2015 350 2079 quo
373 2015 458 2060 nunc
480 2001 570 2073 sunt,
594 1995 716 2074 locum,
739 1998 767 2062 ei
791 2021 855 2062 nou
878 1999 1024 2080 maximis
1047 2001 1113 2084 ipsc
1137 2003 1274 2087 negotiis

113 2105 146 2164 et
168 2099 456 2164 inextricebilibue
481 2101 590 2166 fuisses
615 2101 805 2186 implicatus.

200 2204 417 2270 Constantem
443 2226 568 2288 quoque
590 2211 621 2270 te
643 2206 743 2271 fuisse
766 2208 799 2270 in
822 2206 881 2272 hac
904 2208 1077 2287 voluntate,
1104 2208 1154 2274 vel
1177 2231 1215 2274 ex
1238 2232 1274 2274 eo

114 2311 192 2376 setis
215 2315 376 2395 apparet,
412 2310 495 2394 quod
526 2311 620 2375 ermis
650 2311 791 2395 quinque
819 2315 893 2394 pust
915 2312 995 2375 illud
1018 2318 1110 2376 tuum
1135 2313 1274 2397 primum

115 2415 265 2494 edictum,
292 2415 328 2478 in
351 2437 389 2478 ee
409 2413 639 2498 pacificatione,
664 2437 758 2498 quem
776 2415 825 2498 [M
835 2415 897 2499 iiij]
918 2437 989 2481 cum
1007 2416 1185 2482 Galliarum
1201 2439 1276 2504 rege

692 2539 710 2578 a

202 2623 247 2688 lde
271 2624 360 2688 werd
377 2623 413 2688 u
432 2623 475 2691 M.
497 2626 558 2690 mit
580 2625 689 2708 kriege
710 2626 775 2690 und
799 2627 935 2692 anderen
959 2626 1277 2712 widerwertiglreiteu

115 2727 302 2794 dermaseen
326 2728 469 2808 beladen,
494 2729 548 2794 dae
572 2729 748 2815 obgemelte
772 2731 845 2807 lere,
870 2731 903 2795 iu
927 2731 1033 2796 mitler
1048 2731 1119 2809 neit,
1143 2732 1274 2798 rhaums

115 2833 180 2898 und
203 2833 322 2900 weilan
345 2837 435 2919 gndg
457 2833 546 2900 hatte
566 2833 634 2898 sich
658 2835 895 2912 auszdbreiten,
926 2836 1060 2902 welcher
1081 2837 1172 2924 krieg
1193 2839 1274 2904 auch
1385 2911 1390 2918 ,

116 2937 165 3002 bie
189 2937 241 3004 ine
264 2939 392 3002 neunde
410 2938 461 3020 jer
483 2938 644 3022 gewehret
666 2938 732 3018 het,
755 2939 836 3005 eben
859 2960 960 3025 gegen
977 2941 1089 3019 einem,
1113 2941 1168 3006 der
1182 2949 1275 3010 sunst

116 3039 152 3108 Ε.
176 3043 223 3108 Μ.
247 3064 311 3128 gar
332 3041 471 3106 nutzlieh
496 3041 560 3106 und
584 3042 751 3108 behilllich
774 3043 829 3108 het
851 3045 919 3108 eeiu
949 3051 1081 3129 m'dgen,
1115 3046 1185 3110 dem
1217 3069 1272 3133 ge-

116 3147 265 3234 gebenen
290 3147 385 3210 urteil
408 3145 544 3210 thiitlieh
575 3147 821 3213 naehzulromen.
868 3147 960 3213 Denu
983 3149 1018 3214 Ε.
1044 3149 1086 3213 Μ.
1120 3149 1176 3215 hat
1207 3153 1277 3217 sich

117 3257 156 3318 zu
178 3252 362 3328 erinneren,
385 3273 434 3312 wc
456 3251 610 3334 gemelter
625 3251 716 3335 krieg
732 3254 782 3316 nit
797 3253 1002 3338 rorgefellen,
1024 3253 1089 3318 und
1106 3252 1161 3318 des
1176 3255 1213 3319 Ε.
1232 3256 1276 3322 Μ.

118 3363 210 3422 sonat
232 3355 316 3420 eller
345 3356 549 3441 obliegender
577 3354 773 3441 gescheflten
805 3353 985 3422 dberhebeu
1021 3380 1162 3442 genesen
1188 3383 1278 3440 were,

118 3462 159 3526 oh
181 3461 229 3525 eie
253 3460 315 3538 nit,
339 3460 387 3524 els
409 3461 460 3524 die
482 3461 625 3526 darumal
649 3462 682 3524 in
699 3461 762 3526 irer
774 3465 890 3546 jugeut
906 3463 961 3526 der
976 3463 1092 3529 saulieu
1109 3465 1278 3530 unbericht

120 3587 203 3643 war,
236 3567 306 3630 und
328 3565 459 3630 rileicht
486 3567 604 3630 meinet
626 3566 697 3630 dem
721 3565 844 3629 Herren
868 3566 918 3630 ein
942 3567 1095 3652 gelellens
1119 3571 1216 3635 daran
1240 3574 1278 3635 ed

121 3669 215 3748 thuu,
239 3671 297 3736 des
320 3671 416 3735 urteil
439 3670 526 3735 hette
549 3670 661 3734 wellen
685 3671 931 3736 volnstrecken‘?
969 3670 1011 3734 Es
1036 3673 1107 3736 wirt
1126 3674 1159 3755 ja
1178 3657 1278 3738 ¹davor

122 3773 284 3858 gendum
308 3795 342 3840 ea
363 3776 471 3840 werde
493 3775 528 3840 M
550 3774 593 3841 M.
619 3775 669 3838 nit
691 3775 812 3860 gefelet
834 3775 947 3854 haben,
971 3778 1035 3840 und
1060 3776 1137 3842 eben
1160 3777 1220 3856 die,
1244 3800 1279 3842 su

121 3881 176 3946 dee
199 3879 340 3946 nachteil
366 3882 430 3944 und
453 3881 588 3946 seheden
612 3886 726 3964 mdgen
760 3881 882 3957 haben,
917 3881 1067 3966 beclagen
1100 3879 1184 3944 siche
1214 3881 1278 3946 und

122 3985 298 4070 sprecheu,
334 4007 367 4048 ee
390 3985 495 4050 werde
519 3986 568 4050 uit
589 3986 699 4050 stehen
724 3986 783 4050 wie
806 4007 838 4050 es
862 3987 923 4050 ietu
945 3986 1068 4062 stehet,
1102 4007 1150 4050 wo
1174 3983 1208 4050 ll.
1235 3985 1277 4052 M.

122 4097 212 4158 senat
237 4091 299 4156 mit
321 4090 461 4156 anderen
484 4090 677 4176 gescheliten
701 4091 855 4156 nituere
879 4091 1011 4156 beleden
1035 4112 1189 4174 genesen.

213 4195 280 4260 Dae
303 4193 385 4259 euch
409 4192 444 4257 F.
469 4195 511 4258 M.
535 4195 567 4258 in
592 4196 730 4260 selehem
755 4217 924 4260 vernemen
949 4195 1114 4272 behurret,
1142 4196 1184 4258 ist
1206 4196 1278 4260 dar-

124 4323 179 4366 aus
202 4299 369 4366 leichtlich
391 4299 604 4378 ebudnemen,
638 4303 694 4366 das
725 4302 768 4364 im
801 4307 905 4365 ersten
936 4305 1084 4383 vertrag,
1118 4321 1151 4363 so
1175 4297 1210 4362 Ε.
1234 4299 1277 4362 Μ.

128 4409 188 4472 mit
211 4407 284 4470 dem
309 4405 418 4490 Kenig
440 4425 495 4469 aus
523 4405 732 4470 Franckreich
754 4405 1006 4491 auffgerichtet,
1025 4404 1103 4539 eben
1128 4403 1213 4466 funff
1228 4405 1280 4486 jer

1017 4509 1049 4562 10
