3146 4962
833 330 897 395 268

293 506 325 566 et
348 503 382 566 in
407 504 545 588 negotiis
568 505 634 569 suis
656 527 706 570 me
729 503 848 590 affligo.
894 503 952 571 (lui
982 493 1143 570 dominus:
1166 525 1302 591 onager,
1335 505 1363 568 si
1396 504 1444 568 vis

293 627 360 672 esse
382 607 519 672 libenter
541 613 646 673 tactus
669 613 701 673 et
723 609 818 686 visus,
841 613 907 674 esto
930 609 1150 676 immaculatus
1179 613 1212 674 et
1235 631 1300 673 non
1323 611 1444 672 sterco-

292 715 395 792 ratus,
419 713 506 778 caeis
528 716 633 792 enim,
657 718 824 798 propterea
846 716 928 798 quod
952 719 1018 780 stat
1040 715 1194 794 mundus,
1225 717 1334 780 manet
1356 713 1443 798 apud

292 817 456 881 dominum
489 839 580 882 suum
612 818 819 884 letabundus.
882 819 969 904 Aper
999 841 1124 904 quoque
1153 820 1251 883 dixit:
1291 819 1443 882 dominus

267 937 379 986 emaus
409 926 497 988 tenet
527 925 730 1007 philomelam
760 945 856 1008 penes
886 947 919 990 se
949 925 985 989 in
1019 947 1111 990 cavea
1142 925 1291 990 deaurata
1312 929 1345 988 et
1361 946 1442 988 cum

295 1026 365 1111 ipsa
387 1027 500 1113 pangit
523 1029 792 1114 quamplurimum
815 1034 847 1094 ct
870 1029 1006 1106 laetetur,
1030 1052 1079 1094 me
1094 1033 1199 1096 autem
1221 1053 1283 1094 non
1300 1031 1443 1115 gratiose
1538 1030 1541 1034 ’

292 1132 391 1212 audit,
416 1155 486 1198 oum
510 1134 650 1200 balatum
673 1134 776 1212 trah0,
799 1134 947 1198 similiter
969 1156 1026 1199 nec
1048 1136 1233 1200 cumsoeius
1254 1157 1341 1201 meus
1365 1157 1442 1199 ean·

291 1242 358 1314 tat3
391 1238 473 1304 unde
506 1240 663 1325 petimus,
695 1262 777 1323 pone
808 1239 935 1304 modum
967 1240 1002 1303 in
1026 1239 1086 1306 his.
1132 1241 1182 1304 Ad
1205 1239 1270 1304 haec
1293 1240 1442 1304 dominus

291 1345 469 1427 respondit:
493 1345 630 1422 nescitis,
655 1345 729 1430 quid
753 1345 879 1428 petatis,
903 1345 930 1408 si
954 1345 1044 1409 avida
1067 1344 1184 1428 cupitis
1208 1366 1275 1410 esse
1290 1344 1392 1408 auditi
1407 1348 1443 1408 et

253 1465 278 1501 1⁰
292 1448 458 1527 intellecti,
483 1450 603 1515 debetis
625 1451 741 1515 habere
763 1450 858 1513 verba
881 1450 1023 1527 delicata,
1048 1471 1112 1514 non
1134 1449 1228 1526 feda,
1252 1471 1315 1514 nou
1331 1470 1440 1514 vocem

292 1554 464 1634 turbidam,
487 1555 659 1638 philomela
680 1560 856 1639 propterea,
881 1554 1250 1639 quodplacideloquitur
1273 1557 1305 1619 et
1321 1558 1441 1633 cantat,

183 1744 192 1756 ι
292 1663 457 1746 gratanter
469 1662 606 1742 auditur,
631 1683 686 1726 vos
707 1665 812 1726 autem
836 1682 900 1725 non
923 1661 977 1725 sic.
1024 1661 1091 1745 Ipsi
1115 1682 1188 1726 vero
1211 1660 1443 1725 obmutuerunt

293 1765 447 1831 dicentes:
471 1767 553 1851 quod
579 1767 758 1844 nonlicet,
791 1788 853 1830 non
878 1771 1034 1850 petamus,
1069 1767 1153 1850 quod
1177 1765 1351 1844 nescimus,
1375 1787 1443 1829 non

293 1871 443 1936 dicamus.
491 1871 576 1956 Ergo
598 1876 631 1936 et
654 1893 725 1951 nos,
750 1873 776 1936 ai
799 1872 943 1956 cupimus
965 1871 1101 1936 libenter
1124 1869 1184 1936 visi
1207 1891 1274 1934 esse
1296 1873 1329 1934 et
1350 1871 1442 1947 tacti,

255 1987 280 2027 1⁶
294 1976 474 2041 studeamus
497 1997 563 2042 esse
585 1977 791 2054 immaculati,
816 1999 879 2042 nou
902 1977 1038 2061 polluti,
1072 1999 1136 2042 non
1160 1975 1286 2054 fcedati,
1317 1981 1391 2059 post
1412 1977 1441 2039 si

292 2082 436 2146 volumus
467 2103 532 2146 esse
560 2081 662 2147 auditi
700 2087 731 2146 et
761 2082 932 2160 intellecti,
972 2081 1139 2164 loquamur
1179 2081 1275 2145 verba
1305 2080 1440 2165 placida,

292 2207 357 2250 non
380 2187 496 2270 turpia,
520 2209 583 2252 non
608 2187 691 2252 vilia.
738 2186 820 2252 Sunt
842 2188 926 2251 euim
951 2187 1089 2271 quidam,
1112 2207 1247 2270 quorum
1262 2190 1376 2271 guttur
1392 2191 1442 2251 est

293 2289 382 2374 quasi
398 2291 610 2377 sepulchrum,
634 2291 715 2375 quod
733 2291 832 2369 foetet,
857 2313 926 2356 cum
944 2291 1094 2375 aperitur.
1127 2290 1174 2354 De
1189 2290 1304 2374 quibus
1319 2289 1437 2355 Pselm.

292 2395 338 2460 V:
362 2397 561 2480 sepulchrum
577 2402 689 2481 patens
712 2401 761 2460 est
783 2400 895 2482 guttur
918 2418 1034 2473 eorum,
1059 2395 1179 2460 scilicet
1202 2395 1358 2459 malorum
1380 2395 1438 2460 ho·

254 2523 279 2561 eo
292 2501 433 2580 minum,
464 2501 538 2585 quia
567 2523 689 2586 semper
719 2501 829 2566 dicunt
861 2501 979 2567 l'oetida.
1034 2499 1081 2565 De
1112 2501 1226 2583 quibus
1256 2501 1332 2564 dicit
1355 2500 1438 2564 idem

294 2605 478 2671 Psalmista:
502 2606 663 2690 disperdat
685 2607 831 2672 dominus
852 2607 1000 2671 universa
1016 2606 1100 2671 labia
1114 2606 1223 2671 dolosa
1245 2609 1277 2670 ct
1291 2605 1437 2690 linguam

292 2711 531 2794 magniloquam
553 2710 673 2775 scilicet
695 2712 842 2775 adversus
864 2710 966 2776 Deum
998 2714 1030 2774 et
1063 2710 1251 2794 proximum.
1306 2709 1439 2774 Talibus

184 2879 185 2882 ,
293 2815 378 2879 enim
407 2815 510 2880 verbis
540 2815 701 2898 injuriosis
742 2820 774 2881 et
804 2815 1041 2881 contumeliosis
1070 2816 1235 2899 loquentes
1266 2837 1329 2880 non
1365 2819 1440 2878 sunt

293 2919 448 2984 audiendi.
492 2919 592 2984 Juxta
615 2921 694 2985 illud
718 2920 859 2986 Seneoae:
883 2921 1063 2986 claudendae
1079 2925 1155 2985 sunt
1170 2941 1260 2985 aures
1275 2921 1369 2984 malis
1385 2941 1439 2984 vo-

254 3047 279 3086 na
293 3025 389 3090 cibus.
438 3025 596 3112 Diogenes
619 3026 827 3112 philosophus
851 3027 975 3091 cuidam
998 3025 1149 3090 referenti
1180 3025 1337 3110 quoddam
1371 3047 1438 3089 ma-

292 3131 359 3196 lum
383 3133 423 3196 ab
447 3133 547 3198 amico
571 3133 609 3197 de
631 3134 700 3217 ipso
723 3133 882 3217 prolatum
906 3135 967 3198 ait:
1001 3133 1131 3198 dubium
1155 3136 1221 3208 est,
1251 3155 1292 3196 an
1320 3131 1439 3196 amicus

294 3237 353 3301 hoc
375 3237 500 3316 dixerit,
527 3242 648 3306 certum
672 3243 720 3304 est
743 3244 848 3304 autem
869 3240 961 3318 mihi,
987 3239 1070 3324 quod
1092 3243 1128 3302 tu
1151 3237 1322 3302 maledicis.
1370 3234 1438 3300 An-

293 3342 446 3408 tisthenes
468 3344 593 3408 cuidam
610 3344 743 3409 dicenti:
766 3345 821 3408 ille
844 3345 882 3410 de
898 3351 930 3409 te
951 3347 1069 3410 malum
1093 3344 1153 3408 hoc
1169 3343 1260 3421 dixit,
1284 3343 1348 3407 ait:
1375 3363 1437 3406 non

293 3447 330 3512 de
352 3437 402 3512 me
423 3449 483 3515 hoc
506 3448 597 3527 dixit,
622 3450 673 3513 sed
698 3448 735 3513 de
758 3450 824 3528 illc,
848 3451 903 3534 qui
925 3449 986 3514 hoc
1003 3451 1036 3514 in
1053 3471 1086 3514 se
1101 3449 1217 3514 habere
1232 3447 1435 3534 recognoscit.

254 3571 280 3611 ³0
293 3551 485 3618 Xenocrates
507 3555 673 3638 respoudit
697 3555 819 3620 cuidam
843 3555 1045 3620 maledicenti
1076 3555 1155 3620 sibi:
1188 3557 1224 3618 ut
1253 3558 1289 3618 tu
1320 3553 1437 3638 lingua

292 3663 355 3722 tuae
377 3658 522 3723 dominus
545 3681 593 3736 es,
627 3659 672 3724 sie
695 3664 726 3724 et
749 3681 808 3744 ego
830 3661 954 3725 aurium
979 3681 1136 3738 mearum,
1163 3660 1208 3724 sie
1231 3679 1289 3740 ago
1312 3680 1437 3742 possum

293 3785 409 3847 ponere
436 3765 565 3830 auribus
596 3767 673 3830 meis
709 3767 896 3831 clausuram.
951 3763 1130 3848 Respondit
1164 3763 1289 3828 cuidam
1322 3763 1438 3828 dicenti

293 3869 372 3932 sibi:
405 3869 569 3934 maledixit
593 3869 654 3934 tibi
677 3869 741 3947 ille,
773 3870 899 3953 quidam
926 3869 1017 3932 dete
1043 3869 1227 3944 maledixit,
1259 3889 1325 3933 non
1356 3889 1439 3950 curu,

293 3973 368 4057 quie
389 3974 515 4037 auditus
539 3995 605 4038 esse
628 3974 720 4038 debet
744 3974 904 4038 robustior
925 3973 1052 4058 lingua,
1075 3996 1146 4039 cum
1174 3972 1310 4057 singulis
1333 3971 1438 4036 homi·

253 4078 387 4143 auibus
419 4078 486 4142 sint
515 4079 649 4164 singulae
671 4079 806 4165 lingua,
836 4100 925 4142 aures
956 4081 1029 4142 vero
1061 4078 1154 4142 binae.
1202 4077 1244 4142 Et
1275 4077 1321 4144 sic
1349 4077 1441 4143 debet

292 4185 386 4249 homo
409 4185 480 4268 plus
503 4185 659 4250 sustinere
683 4185 803 4250 duabus
825 4184 964 4262 auribus,
988 4206 1083 4268 quam
1107 4183 1206 4265 possit
1221 4183 1337 4267 aliquis
1352 4184 1440 4267 loqui

293 4312 357 4353 una
378 4289 497 4375 lingua.
545 4289 704 4355 Narratur
727 4291 759 4355 in
783 4291 865 4354 libro
888 4291 926 4354 de
949 4290 1043 4376 nugis
1060 4289 1326 4374 philosophorum.
1364 4290 1438 4355 Oui-

293 4392 364 4457 dam
387 4396 469 4460 male
491 4394 609 4461 dicenti
630 4396 692 4461 sibi
715 4395 879 4481 respondit
902 4394 1046 4480 quidam:
1078 4395 1171 4460 facile
1202 4396 1237 4460 in
1259 4416 1309 4460 me
1340 4394 1439 4460 male-
