3146 4962
684 333 746 394 277

133 503 286 568 homines
316 503 504 569 moriuntur.
551 503 642 570 Unde
676 505 800 590 antiqui
824 505 864 570 ab
887 505 964 589 ipsis
994 528 1026 570 se
1051 507 1286 586 continuerunt,

141 611 236 694 prout
259 613 369 674 narrat
391 608 544 694 Vegetius
567 609 602 674 L.
627 608 677 675 11⁰
700 611 738 676 de
762 611 958 676 continentie
979 611 1168 690 Alexandri,
1193 613 1285 696 quod,

141 737 211 780 cum
235 719 316 778 esset
338 713 367 778 ei
390 715 481 800 virgo
504 715 637 780 eximiae
653 715 899 799 pulchritudinis
914 717 1042 794 tradita,
1059 717 1182 782 cuidem
1197 716 1286 802 prin-

141 817 203 902 cipi
222 818 418 904 desponsata,
442 840 565 884 summa
587 819 781 885 abstinentis
792 820 933 903 pepercit
945 820 983 898 ei,
1007 825 1043 884 ut
1065 843 1123 886 neo
1146 821 1215 886 eain
1230 821 1286 886 ad·

117 923 284 1008 aspiceret,
308 924 362 988 sed
384 924 423 988 ad
446 943 594 1007 sponsum
611 925 741 1002 remisit,
767 946 830 1008 qua
843 925 974 989 remissa
989 924 1130 990 mulieris
1146 947 1181 990 ac
1197 927 1286 1010 prin·

91 1031 101 1056 ⁸
142 1028 220 1111 cipis
251 1033 373 1092 mentes
406 1028 467 1092 sibi
502 1029 726 1094 reconciliavit.
773 1028 830 1094 coi
864 1029 968 1094 simile
1000 1035 1110 1094 narrat
1141 1030 1287 1096 Valerius

142 1132 196 1197 lib.
220 1131 277 1197 IV.
301 1154 367 1217 cap.
392 1132 442 1197 lll
466 1133 503 1197 de
525 1133 670 1217 Scipione
691 1133 807 1210 dicens,
838 1135 929 1217 quod,
964 1155 1035 1198 cum
1067 1135 1286 1214 intellexisset,

5 1223 6 1282 ἶ
30 1283 55 1313 ψ,
143 1238 225 1320 quod
248 1238 338 1324 virgo
361 1238 483 1304 eximiae
505 1237 615 1304 former
637 1239 761 1304 cuidem
785 1239 884 1304 nobili
902 1240 1090 1323 desponsata
1106 1244 1188 1304 esset
1203 1233 1287 1304 inter

142 1342 275 1420 obsides,
299 1344 353 1427 qui
376 1348 467 1408 erant
489 1345 572 1428 apud
596 1343 830 1430 Carthaginem,
855 1349 1022 1430 postquam
1045 1344 1203 1430 Carthago
1226 1345 1288 1410 luit

85 1469 128 1506 x¹0
142 1447 182 1512 ab
205 1447 274 1532 ipso
297 1452 398 1532 cepta,
422 1449 540 1514 vocatis
562 1449 746 1533 parentibus
770 1451 903 1534 virginis
926 1456 958 1515 et
979 1471 1112 1536 sponso,
1136 1450 1287 1515 immacu·

141 1551 239 1618 latam
263 1553 418 1637 virginem
441 1554 481 1617 iis
503 1554 635 1620 tradidit
658 1559 690 1618 et
720 1577 852 1633 aurum,
889 1557 970 1638 quod
1002 1577 1059 1639 pro
1093 1554 1287 1620 redemtione

142 1657 254 1741 puellae
276 1657 418 1722 oblatum
441 1664 525 1737 erat,
550 1660 668 1744 virgini
691 1660 723 1722 in
748 1661 852 1724 dotem
884 1661 948 1724 sive
971 1660 1086 1724 marito
1108 1659 1142 1723 in
1173 1681 1288 1724 munus

142 1761 284 1845 nuptiale
296 1762 391 1841 dedit,
408 1785 465 1846 per
480 1786 574 1848 quam
591 1765 819 1829 continentiam
841 1769 873 1829 et
888 1765 1147 1829 munificientiam
1165 1764 1287 1829 animos

142 1866 269 1930 illorum
292 1867 353 1932 sibi
376 1868 537 1951 applicuit.
583 1869 630 1934 De
653 1871 733 1934 mira
756 1871 852 1936 etiam
883 1871 1079 1935 continentia
1101 1869 1287 1934 Xenocratis

103 2007 127 2044 rs
142 1971 323 2056 philosophi
340 1972 602 2038 narratValerius
613 1976 720 2038 eodem
737 1998 803 2060 esp.
821 1977 937 2053 dicens,
951 1977 1032 2060 quod
1049 1974 1132 2059 apud
1145 1974 1287 2040 Athenas

143 2077 270 2161 quidam
291 2078 419 2161 juvenes
434 2079 647 2161 promiserunt
663 2081 787 2145 cuidam
803 2081 926 2145 mulieri
942 2081 1106 2164 impudicae
1121 2079 1287 2165 pecuniam

143 2183 204 2247 sibi
227 2183 309 2262 dare,
333 2185 360 2248 si
379 2184 518 2248 animum
541 2185 720 2270 philosophi
743 2191 849 2269 posset
871 2187 909 2250 ad
933 2186 1091 2250 luxuriam
1114 2185 1282 2252 inflectere.

143 2286 228 2362 Quae
251 2293 342 2352 nocte
363 2289 492 2354 veniens
511 2291 604 2374 juxta
623 2313 693 2356 eum
716 2291 862 2356 accubuit
886 2313 941 2356 nec
958 2273 993 2355 in
1007 2291 1114 2374 aliquo
1130 2291 1195 2374 ejus
1210 2311 1286 2354 con·

142 2395 310 2459 tinentiam
335 2394 480 2460 labefecit
503 2398 534 2459 et
558 2395 773 2461 deridentibus
803 2397 1071 2473 adolescentibus,
1105 2395 1189 2480 qnod
1217 2395 1286 2458 ani·

103 2529 128 2566 m
143 2521 230 2563 mum
252 2499 338 2564 illius
360 2500 484 2566 flectere
507 2522 571 2566 non
589 2501 753 2585 potuisset,
778 2501 950 2586 respondit,
974 2501 1057 2585 quod
1081 2522 1144 2564 non
1168 2500 1206 2564 ad
1228 2499 1286 2564 ho-

142 2605 258 2668 minem
275 2606 327 2670 sed
344 2605 383 2668 ad
399 2609 536 2669 statuam
553 2607 748 2688 perrexisset
784 2605 947 2671 Vocerunt
962 2608 1047 2671 enim
1062 2605 1285 2690 philosophum

143 2715 279 2776 statuam
303 2713 430 2794 propter
452 2710 646 2776 immobilem
670 2713 737 2795 ejus
760 2711 996 2776 continentiam.

413 2883 467 2949 De
489 2885 578 2950 vita
599 2891 637 2950 et
661 2881 805 2968 mor'te,
829 2887 902 2950 dial.
930 2891 1001 2954 122.

229 3026 315 3091 Mors
337 3025 506 3090 secundum
522 3025 748 3110 philosophum
759 3031 807 3090 est
824 3031 960 3090 aeternus
980 3047 1125 3102 somnus,
1152 3023 1288 3089 divitum

102 3159 128 3198 m
143 3153 248 3216 pavor,
273 3151 445 3226 pauperum
468 3121 673 3208 desiderium,
698 3131 882 3196 incurabilis
904 3135 1052 3209 eventus,
1077 3130 1158 3194 latro
1181 3131 1284 3194 homi-

141 3236 202 3315 nis,
224 3235 301 3320 fuga
323 3237 405 3312 vitae,
429 3235 580 3300 resolutio
603 3236 750 3301 hominis.
785 3235 862 3300 Vita
884 3257 957 3300 vero
980 3239 1027 3299 est
1050 3235 1205 3300 bonorum
1228 3234 1284 3298 lae-

142 3341 224 3420 titis,
248 3341 433 3405 miserorum
456 3341 615 3404 moestitia.
652 3340 693 3404 Et
716 3339 810 3404 homo
837 3340 963 3424 quidam
976 3339 1102 3423 juvenis
1117 3339 1285 3415 formosus,

141 3446 237 3522 dives,
260 3445 352 3510 fortis
376 3449 409 3508 et
430 3467 526 3509 sonus
555 3446 594 3510 sd
625 3450 759 3510 mortem
787 3446 988 3530 progreditur
1022 3448 1053 3508 et
1082 3445 1145 3509 ait:
1178 3463 1286 3508 osors

143 3550 361 3628 immutabilis
384 3551 531 3614 miserere
555 3551 662 3615 meist
678 3552 789 3616 exaudi
807 3573 863 3628 me,
887 3550 1088 3634 supplicium,
1113 3548 1195 3633 quod
1219 3550 1288 3612 ate

102 3661 296 3740 reexspecto,
324 3656 387 3721 noli
412 3655 555 3719 emittere
578 3657 617 3720 ad
648 3677 716 3734 me,
751 3661 861 3722 surrr'm
895 3660 927 3721 et
949 3660 1137 3742 argentum,
1167 3653 1287 3737 lapides

141 3762 306 3847 pretiosos,
330 3761 497 3844 mancipia,
521 3783 627 3844 equos,
644 3761 769 3839 fundos,
786 3761 912 3845 pradis,
930 3762 1059 3845 palatia,
1076 3759 1287 3845 possessiones

141 3873 174 3932 et
195 3867 346 3951 quidquid
371 3866 427 3943 vis,
451 3867 511 3931 tibi
533 3868 625 3946 dabo,
647 3868 857 3933 tantumnodo
880 3867 946 3931 noli
969 3889 1019 3932 me
1044 3871 1184 3950 tangere.
1229 3862 1287 3928 (lui

139 3995 239 4038 mors:
271 3970 481 4054 impossibilis
503 3973 606 4056 petis,
641 3993 659 4036 o
690 3972 805 4048 frater,
839 3994 902 4036 non
925 3976 1001 4037 sunt
1024 3971 1158 4056 petenda
1180 3993 1199 4034 a
1221 3967 1287 4032 Deo

141 4077 204 4142 nisi
234 4077 367 4142 honeste
389 4080 420 4140 et
450 4076 613 4160 possibilia
643 4076 775 4161 ideoque
807 4099 870 4142 non
894 4077 1054 4162 sapienter
1086 4078 1209 4141 locutus
1243 4095 1286 4149 es,

105 4209 128 4254 so
141 4183 216 4268 quia
239 4183 355 4249 dicitur
378 4182 511 4259 homini,
533 4203 618 4247 mors
631 4182 748 4266 ubique
769 4186 802 4245 te
824 4185 983 4266 exspectat
1005 4187 1037 4247 et
1056 4187 1102 4257 tu,
1119 4180 1145 4244 si
1161 4179 1287 4264 sapiens

140 4287 247 4367 fueris,
265 4289 381 4372 ubique
396 4309 465 4354 eam
475 4289 678 4372 exspectabis.
703 4287 828 4352 Dicitur
844 4288 928 4352 enim
941 4285 1056 4353 Pselm.
1069 4283 1284 4352 LXXXVIII:

140 4393 211 4477 quis
233 4395 407 4474 esthemo,
432 4393 487 4479 qui
508 4393 587 4460 vivit
610 4397 641 4460 et
663 4416 727 4460 non
749 4395 869 4471 videbit
890 4395 1047 4460 mortem?
1075 4393 1166 4477 quasi
1189 4391 1283 4469 dicat,
