3074 4952
682 301 741 363 281

122 473 232 540 demis
253 473 497 556 Noribergensi,
522 471 559 537 X.
584 471 718 538 Kalend.
744 471 890 538 Jannerii
914 469 953 537 A.
977 467 1212 538 M.D.XOVIII.

216 579 339 646 Zurich.

501 682 609 748 Dritte
630 683 776 766 ausgabe.
824 686 916 748 1608.

217 787 434 854 IOHANNIS
468 791 473 870 Ι
508 787 715 854 SLEIOANI
749 789 753 870 Ι
790 787 1011 854 OPVSOVLA
1050 785 1280 872 QVAEDAlul

123 892 317 970 QVORVM
340 893 434 958 IPSE
456 893 623 958 PARTIM
639 892 805 980 AV-lotor,
829 895 945 978 partim
970 894 1140 976 interpres.
1163 891 1168 978 Ι
1188 893 1214 970 Ι,
1235 893 1282 958 De

124 1005 271 1082 quatuor
292 997 429 1064 Summis
457 982 605 1082 lmperiis
638 998 705 1065 Lib.
731 999 790 1064 III.
824 1002 828 1080 Ι
857 997 910 1076 H,
943 999 1003 1066 OL.
1028 996 1215 1064 SESELLII
1244 997 1282 1061 de

127 1103 255 1187 Bepnh.
280 1104 443 1170 Gallorum
464 1103 470 1188 Ι
490 1105 513 1169 b
536 1125 647 1189 regum
670 1104 793 1181 officiis,
817 1104 891 1168 libri
915 1103 957 1170 II.
998 1104 1110 1170 Latine
1133 1103 1256 1167 redditi.
1276 1099 1279 1187 Ι

125 1208 199 1285 111,
222 1209 353 1274 Summa
374 1211 528 1275 doctrines
551 1208 765 1274 PLATONIS
788 1209 836 1273 Do
856 1209 860 1296 Ι
881 1209 961 1294 [lep.
987 1210 1009 1274 b
1032 1210 1165 1294 legibus,
1193 1211 1198 1290 Ι
1225 1206 1281 1271 IV.

123 1313 301 1378 Orationes
324 1315 412 1379 duae:
438 1337 499 1379 vus
521 1317 561 1379 ad
577 1315 724 1380 Carolum
742 1315 781 1379 V.
803 1323 807 1398 Ι
828 1313 1001 1391 Oaesarem,
1026 1315 1126 1380 alters
1148 1313 1188 1377 ad
1204 1310 1282 1376 Ocr-

126 1421 247 1484 mnniae
270 1420 434 1503 Principes
457 1422 480 1484 lt
500 1417 505 1504 Ι
525 1419 660 1484 Ordines
684 1420 823 1504 Imperii.
854 1423 859 1502 Ι
887 1419 1004 1484 Omnis
1035 1440 1120 1483 nuno
1140 1418 1282 1502 primum

125 1524 225 1588 simul
245 1525 292 1588 its
314 1524 422 1590 iuncta
442 1529 539 1607 operi.
561 1525 584 1588 b
607 1525 713 1588 studio
740 1524 744 1610 Ι
774 1523 919 1588 HELIAE
944 1521 1152 1588 PVTSOHII.
1183 1519 1187 1600 Ι
1219 1518 1282 1582 Ac-

127 1633 294 1698 oesserunt
317 1651 456 1692 seorsum
481 1627 790 1694 OOMMENTARII
806 1630 828 1693 b
843 1629 1001 1714 NOJTAE
1024 1628 1107 1692 Guil.
1125 1623 1283 1712 Xylandri

128 1737 161 1799 in
189 1735 290 1798 libros
314 1734 351 1797 de
373 1733 432 1799 IV.
455 1731 692 1818 Moneri-lobiis,
722 1755 806 1798 nunc
828 1735 966 1818 primbm
990 1734 1022 1797 in
1048 1733 1148 1797 lucem
1171 1730 1257 1794 editi.
1277 1725 1280 1814 Ι

128 1839 308 1924 [Emblem]
336 1838 342 1924 Ι
370 1837 585 1903 HANOVIAE
627 1841 632 1921 Ι
673 1837 768 1923 Apud
809 1838 1013 1904 Ouilielmunr
1051 1831 1280 1918 Antonium,l

128 1944 315 2011 MDOVIII.

218 2050 328 2116 Octsr.
365 2048 424 2113 Die
447 2048 559 2114 beiden
582 2049 676 2114 reden
699 2050 759 2114 mit
782 2049 852 2113 dem
876 2054 1013 2114 vorwort
1037 2050 1089 2113 des
1111 2048 1282 2114 rerfessers
1336 2085 1343 2098 ·

129 2179 156 2220 s.
189 2157 284 2239 [ΙΙΙ]
317 2155 365 2218 bis
396 2159 481 2232 608,
520 2155 603 2220 ohne
633 2155 746 2240 irgend
782 2153 897 2218 welche
930 2155 1138 2238 nnmerkung.
1198 2150 1283 2215 Titel

130 2275 156 2324 s.
183 2261 283 2344 [ril]‚
307 2261 452 2326 Sleidans
474 2265 614 2324 vorwort
636 2283 660 2326 S.
686 2265 759 2324 412.
785 2263 868 2336 413,
901 2281 946 2325 or.
972 2260 1011 2323 ad
1035 2260 1136 2343 princ.
1168 2279 1194 2321 n.
1217 2261 1282 2320 414

132 2366 183 2429 bis
207 2370 279 2442 506,
303 2387 347 2432 or.
372 2365 412 2429 nd
434 2365 520 2430 Caes.
545 2388 569 2429 s.
595 2371 656 2430 507
682 2365 731 2430 bis
755 2370 827 2430 608.
874 2364 939 2428 Der
961 2365 1144 2448 sammlung
1168 2383 1282 2426 voran-

128 2471 296 2556 geschiolrt
318 2473 361 2535 ist
383 2470 453 2534 eine
475 2469 620 2554 Epistola
643 2470 836 2535 dedicatoria
859 2491 920 2534 von
945 2469 1063 2534 Putsch
1088 2491 1128 2534 on
1149 2466 1283 2550 Ludwig

127 2575 285 2640 Wilhelm
309 2575 428 2653 Moser,
459 2575 666 2640 hurldrstlich
690 2575 888 2640 silehsisohen
913 2575 1079 2660 gebeimen
1102 2573 1193 2650 rath,
1226 2572 1282 2635 do-

127 2683 208 2746 tiert
229 2680 353 2758 Stellae,
377 2702 462 2745 anno
477 2679 607 2745 Domini
622 2679 770 2747 MDOVI.
794 2681 873 2766 ipsis
895 2681 970 2745 idib.
995 2679 1086 2744 Febr.
1120 2678 1158 2743 In
1182 2678 1283 2741 dieser

127 2785 276 2870 Epistola
298 2785 386 2849 heinr
408 2806 461 2850 es:
500 2787 605 2863 Ouum
629 2786 728 2870 igitur
750 2787 796 2850 ite
819 2787 910 2850 nobis
934 2787 1094 2851 decretum
1119 2787 1200 2848 esset
1222 2782 1280 2846 hos

128 2891 257 2955 libellos
281 2891 338 2972 (no
360 2889 393 2955 Il
416 2890 481 2954 und
503 2890 555 2954 III
577 2891 632 2954 der
653 2891 769 2976 obigen
792 2891 999 2975 nirlz'rihlung)
1024 2889 1171 2974 diligenti
1187 2891 1281 2971 typo-

128 2997 254 3082 grapho
277 2995 352 3060 dare
374 2996 575 3072 recudendoS,
599 2996 695 3061 simul
711 2997 797 3061 nacti
813 2997 951 3062 eiusdem
969 2995 1113 3060 historici
1129 2991 1280 3080 gravissi-

128 3125 197 3167 mas
221 3099 390 3166 Orationes
413 3101 507 3166 duas:
531 3124 628 3166 unam
651 3102 690 3166 ad
713 3100 860 3168 Oarolum
877 3103 916 3169 V.
941 3102 1124 3167 Caesarem:
1148 3100 1280 3163 alteram

128 3209 168 3272 ad
186 3207 376 3272 Germaniae
391 3205 555 3290 Principes
571 3209 603 3271 et
618 3205 752 3272 Ordines
768 3207 917 3291 Imperii:
941 3229 998 3271 nec
1014 3227 1123 3272 esrum
1138 3202 1282 3284 exemplo

131 3312 256 3394 publice
278 3333 440 3395 superesse
462 3312 555 3395 plura
586 3312 755 3390 arbitrati,
789 3313 906 3378 bonurn
938 3312 1058 3377 facturn
1090 3308 1282 3393 putavimus,

129 3417 254 3481 easdem
278 3416 437 3500 prioribus
460 3417 578 3481 libellis
601 3417 784 3500 adiungere,
807 3416 850 3491 ὡς
873 3425 927 3480 τοῦ
948 3418 1045 3480 αὐτοῦ
1061 3415 1180 3496 πατρὸς
1197 3411 1283 3476 καλὰ

130 3521 255 3600 παιδία,
291 3525 324 3584 et
356 3543 435 3603 quse
465 3523 561 3586 etiem
585 3521 643 3586 hac
666 3526 770 3588 aetate
793 3543 858 3586 non
881 3525 987 3587 minus
1011 3521 1134 3586 utiliter
1157 3523 1189 3584 et
1212 3539 1281 3583 oum

132 3627 237 3690 fructu
259 3626 324 3708 legi
349 3633 485 3708 possent,
509 3627 669 3712 digneque
691 3628 774 3692 lectu
797 3632 911 3691 essent.
960 3627 1042 3704 Quid
1065 3627 1102 3689 fit
1125 3625 1281 3689 verulan

130 3731 239 3816 itaque
260 3731 370 3796 omnia
392 3729 530 3795 Sleidani
553 3731 713 3814 opuscula,
737 3753 816 3814 quae
838 3736 1020 3814 supersunt,
1044 3729 1182 3814 exceptis
1206 3747 1284 3811 quos

128 3836 260 3919 scripsit
290 3833 411 3899 nobiles
442 3836 648 3900 historiarum
681 3835 780 3900 libros
813 3857 877 3900 una
910 3835 1056 3899 edimus?
1089 3833 1281 3916 inquiebam.

128 3939 198 4004 Nec
221 3939 430 4002 deliberatum
454 3939 505 4002 diu
530 3939 608 4016 fuit,
638 3939 735 4022 quin,
759 3939 855 4003 etium
880 3939 998 4022 absque
1020 3939 1161 4022 periculo
1183 3959 1283 4020 spero,

129 4045 302 4108 laceremus
325 4043 406 4108 hunc
428 4045 529 4109 aleam
552 4050 584 4108 et
606 4045 848 4128 adiungeremus
871 4065 965 4128 porro
989 4045 1038 4110 vel
1062 4045 1167 4128 potius
1191 4065 1282 4126 pree-

127 4149 299 4234 figeremus
322 4149 433 4212 ceteris
457 4149 595 4213 eiusdem
619 4149 757 4215 auctoris
780 4150 817 4216 de
840 4153 976 4234 quatuor
993 4149 1123 4212 summis
1142 4149 1284 4232 imperiis

130 4255 245 4330 libros,
282 4253 315 4316 in
349 4253 464 4336 quibus
494 4256 677 4339 praesertim
712 4255 815 4320 multe
848 4276 983 4340 quorum
1020 4255 1052 4318 in
1078 4255 1284 4322 Orationibus

128 4379 257 4443 quoque
279 4357 319 4422 fit
342 4359 471 4423 mentio.
