3172 4962
724 311 784 376 llil

379 481 434 548 De
455 481 627 565 gemmis
649 486 688 547 et
710 481 950 569 lapidibus,
974 485 1048 554 dial.
1076 490 1124 552 13.

264 621 404 688 Gemma
426 643 534 687 omnes
557 623 704 706 pretiosae
726 623 821 688 simul
845 629 1059 690 convenerunt
1083 625 1240 692 dicentes:
1273 649 1326 692 su-

178 751 249 795 mus
270 729 405 796 cariores
428 749 523 813 super
545 728 652 794 omnia
673 728 864 810 hominibus,
889 731 942 796 sed
965 731 992 797 si
1014 732 1054 798 ad
1075 731 1203 798 libitum
1222 733 1326 798 homi-

178 857 255 900 num
277 855 511 920 comparemur,
547 833 663 898 erimus
686 833 824 918 abjectae.
870 835 920 901 Ob
948 836 1008 901 hoc
1040 836 1075 901 in
1103 838 1327 904 remotioribus

151 940 255 1005 ⁵loeis
277 940 456 1017 latitemus,
488 941 525 1003 ut
555 960 618 1003 non
651 939 851 1005 inveniamur
881 939 999 1026 absque
1026 962 1143 1028 megno
1164 943 1272 1009 labore
1296 946 1328 1009 at

180 1044 335 1129 expensis.
381 1043 450 1109 Hoc
472 1047 520 1108 est
542 1045 638 1122 anim,
661 1045 745 1128 quod
769 1069 788 1110 a
809 1047 1040 1130 possessoribus
1065 1069 1134 1114 care
1149 1049 1329 1114 retinentur

180 1152 213 1214 et
234 1171 299 1214 non
321 1148 389 1213 sine
419 1169 536 1234 magno
568 1149 672 1232 pretio
703 1155 935 1235 comparantur.
982 1151 1117 1238 Propter
1148 1152 1231 1238 quod
1263 1171 1327 1217 non

181 1253 327 1319 omnibus
349 1253 545 1319 ostendimur
569 1253 722 1320 dicentes:
745 1255 800 1339 qui
820 1255 931 1322 volunt
947 1257 1086 1342 pretiosa
1098 1260 1237 1341 captare,
1262 1278 1327 1321 non

180 1359 340 1423 immerito
362 1379 396 1424 se
417 1357 533 1424 debent
563 1357 709 1445 fatigare.
755 1358 808 1426 Sic
837 1365 868 1426 et
891 1383 998 1426 servus
1021 1360 1157 1440 Christi,
1189 1361 1216 1426 si
1239 1359 1327 1446 cupit

140 1481 167 1518 1⁰
180 1462 334 1546 pretiosas
357 1462 490 1527 virtutes
513 1462 765 1547 apprehendere,
796 1465 889 1531 debet
916 1465 1078 1531 laboribus
1101 1470 1133 1531 et
1155 1465 1328 1530 virtutibus

179 1567 343 1647 insudare,
374 1571 411 1632 ut
441 1588 499 1652 pro
530 1568 651 1633 viribus
673 1569 794 1634 otiosus
816 1591 881 1635 non
904 1575 1048 1649 maneat,
1079 1571 1155 1655 quia
1183 1570 1327 1636 otiositas

178 1673 308 1738 inimica
329 1677 377 1737 est
400 1672 523 1738 snimae.
573 1671 660 1739 Unde
682 1675 717 1739 in
732 1673 819 1740 Vitis
834 1679 962 1759 patrum
980 1675 1113 1761 legitur:
1138 1675 1328 1741 monachum

178 1781 362 1862 operantem
385 1799 466 1843 unus
489 1779 609 1843 ‹laemon
633 1782 780 1864 temptat,
804 1780 943 1847 otiosum
965 1781 1065 1847 mille.
1110 1779 1232 1847 Idcirco
1249 1779 1327 1846 Hie·

179 1883 320 1947 ronimus
342 1883 438 1948 dicit:
460 1904 584 1969 semper
606 1883 725 1969 aliquid
748 1885 826 1950 boni
848 1885 964 1967 facito,
997 1891 1034 1952 ut
1057 1885 1200 1952 diabolus
1222 1891 1254 1952 te
1277 1884 1327 1950 in-

33 2007 46 2048 ’.
142 2003 168 2043 ¹⁶
181 1989 289 2054 veniat
311 1991 506 2073 occupatum.
552 1987 656 2054 Homo
677 1993 847 2073 occupatus
881 1995 930 2056 est
962 1992 1050 2056 velut
1079 1995 1218 2056 castrum
1248 1991 1329 2057 bene

180 2093 339 2171 clausum,
366 2094 417 2158 cui
440 2094 586 2159 inimicus
610 2116 723 2160 nocere
744 2117 809 2160 nou
832 2099 946 2179 potest.
994 2095 1086 2162 Unde
1109 2094 1328 2179 Augustinus:

181 2221 246 2264 non
278 2197 371 2264 facile
403 2199 527 2282 capitur
560 2183 811 2285 stemptetore,
845 2202 901 2287 qui
922 2203 1006 2268 bono
1041 2207 1132 2268 vacet
1165 2201 1325 2266 exercitio.

180 2303 306 2368 Debent
328 2303 412 2367 enim
435 2308 581 2388 parentes
603 2303 686 2371 filios
716 2305 850 2370 incitare
873 2306 1011 2372 minores
1033 2305 1070 2372 ed
1095 2306 1255 2384 laborem,
1289 2327 1330 2371 ne

180 2413 310 2494 propter
338 2408 504 2494 pigritiem
534 2409 567 2473 in
591 2412 778 2493 paupertate
808 2409 964 2475 deficiant.
1011 2410 1103 2476 Unde
1126 2409 1254 2494 quidam
1277 2431 1328 2474 se·

141 2525 168 2565 ¹⁰
181 2513 270 2600 piens
292 2513 430 2578 rusticus
454 2513 613 2598 plantavit
634 2513 769 2594 vineam,
792 2515 933 2598 quicum
950 2519 1134 2591 moreretur,
1157 2513 1239 2578 dixit
1254 2514 1329 2579 filiis

181 2620 257 2698 suis,
285 2639 318 2683 se
339 2618 573 2684 abscondidisse
596 2617 780 2685 thesaurum
801 2620 835 2684 in
863 2621 965 2697 vinea,
989 2619 1093 2685 locum
1116 2622 1239 2697 antem,
1272 2618 1328 2684 ubi

181 2727 273 2801 esset,
295 2745 358 2788 non
383 2705 567 2808 assignavit.
614 2723 741 2789 Mortuo
763 2729 854 2808 patre
877 2731 1040 2808 coeperunt
1062 2721 1171 2788 fodere
1192 2723 1328 2801 vineam,

180 2833 217 2896 ut
240 2829 419 2895 invenirent
443 2827 645 2911 thesaurum,
673 2829 758 2893 unde
788 2827 909 2894 fectum
940 2834 1006 2908 est,
1041 2833 1078 2893 ut
1099 2827 1192 2892 vinea
1213 2825 1329 2893 fertilis

181 2935 357 3000 efficeretur
390 2936 422 2998 et
453 2931 596 2997 redderet
629 2931 845 3019 largissimum
875 2933 1024 2999 fructum.
1077 2931 1153 2999 Haec
1187 2933 1328 2997 videntes

140 3047 166 3088 ¹⁵
180 3041 240 3106 filii
268 3041 493 3124 perceperunt,
517 3036 600 3123 quod
623 3042 714 3122 peter
745 3043 876 3123 propter
898 3037 957 3104 hoc
980 3037 1122 3116 dixerat,
1146 3035 1330 3103 thesaurum

181 3169 247 3213 esse
268 3143 488 3212 absconditum
511 3143 544 3208 in
568 3143 675 3222 vinea,
702 3147 738 3208 ut
758 3143 927 3208 studiosius
950 3143 1128 3209 excolerent
1151 3143 1274 3206 vineam
1298 3146 1331 3207 et

180 3253 362 3318 laborarent
383 3253 504 3314 remoto
526 3254 675 3331 tempore.
722 3247 857 3323 Quidam
879 3247 1087 3333 philosophus
1103 3246 1211 3312 docuit
1226 3245 1329 3311 filium
1402 3245 1410 3260 “

181 3379 273 3422 suum
295 3355 418 3420 dicens:
442 3353 522 3431 vide,
546 3351 603 3430 fili,
627 3374 669 3416 ne
690 3352 824 3418 formica
845 3353 889 3417 sit
911 3351 1086 3436 sapientior
1099 3356 1141 3429 te,
1165 3373 1236 3434 quae
1254 3371 1329 3415 con·

181 3465 294 3548 gregat
315 3459 349 3523 in
374 3461 484 3524 aestate
506 3459 598 3522 teuto
620 3461 652 3522 et
675 3462 741 3522 tem
764 3457 902 3523 sollicito
924 3456 1048 3537 labore,
1079 3455 1163 3520 unde
1186 3455 1273 3519 vivat
1294 3456 1330 3518 in

142 3570 168 3610 ⁸⁰
181 3565 295 3643 hieme,
318 3586 358 3628 ne
380 3563 424 3628 sit
445 3563 549 3650 gallus
572 3565 605 3628 te
626 3561 813 3648 vigilantior
835 3565 892 3627 eut
912 3560 1045 3640 fortior,
1077 3560 1134 3645 qui
1155 3561 1330 3625 matutinas

181 3671 276 3735 hores
299 3672 445 3735 observat
467 3670 514 3734 ita
536 3668 708 3754 diligenter
730 3673 763 3732 et
785 3687 818 3732 se
841 3665 1045 3743 verberando,
1069 3664 1148 3730 alios
1165 3665 1331 3730 adcantus

179 3781 353 3844 nocturnos
375 3776 494 3841 excitat
516 3777 624 3860 etqui
647 3775 694 3842 ite
715 3773 809 3841 fortis
833 3778 900 3852 est,
933 3771 1017 3856 quod
1040 3792 1154 3837 uxores
1176 3769 1330 3855 plurimas

180 3889 281 3950 castas
304 3881 420 3949 habeat
442 3885 475 3944 et
498 3881 640 3948 subditas
663 3881 725 3945 sibi
746 3881 853 3960 faciat,
877 3883 909 3944 et
931 3882 967 3942 tu
983 3877 1071 3957 dicis,
1096 3875 1180 3962 quod
1194 3896 1258 3939 non
1272 3895 1329 3959 po·

180 3995 227 4056 tes
249 3995 375 4055 tantum
399 4010 496 4055 unam
518 3986 580 4053 tibi
603 3985 753 4051 subdere!

139 4161 167 4201 ⁸⁶
392 4147 448 4212 De
470 4145 689 4228 smaragdo
712 4147 754 4207 et
776 4140 955 4219 annulo,
979 4139 1053 4204 dial.
1082 4143 1130 4204 14.

270 4269 465 4357 Smaragdos
486 4271 535 4332 est
557 4287 701 4354 gemme,
734 4269 771 4330 ut
799 4263 876 4329 dicit
898 4263 1009 4342 Brito,
1041 4259 1092 4327 cui
1124 4258 1171 4325 nil
1199 4258 1332 4326 viridius

184 4380 395 4462 eomparatur,
419 4394 492 4438 nam
515 4371 629 4454 herbas
658 4369 795 4436 virentes
817 4367 1007 4452 frondesque
1029 4365 1097 4432 solo
1121 4365 1187 4452 ejus
1209 4363 1332 4433 intuitu
