3172 4962
716 319 777 384 lto

168 511 240 560 cum
262 512 299 558 eo
322 491 399 558 duos
422 491 593 558 monachos
616 492 800 558 monasterii
822 495 855 558 et
877 491 1027 558 abierunt
1048 513 1120 558 cunr
1130 512 1178 573 eo,
1201 491 1314 558 embu-

167 596 371 682 lentibusque
393 597 433 662 iis
449 619 506 682 per
520 596 683 662 heremum
698 617 795 662 unum
818 595 901 660 diem
922 599 956 661 et
970 595 1115 676 ultorem,
1137 597 1318 663 defecerunt
1392 606 1400 622 '

167 723 233 786 prae
252 706 331 766 estu
366 705 398 766 et
431 701 634 785 projicientes
667 723 700 768 se
730 701 763 766 in
796 705 915 766 terrem
941 701 1090 785 jacebunt
1123 706 1155 768 et
1177 703 1317 788 soporati

169 806 289 872 modice
311 827 432 884 somno,
456 827 525 872 ecce
548 807 656 891 equile
676 808 764 872 venit
776 807 957 892 percutiens
980 807 1040 872 elis
1062 808 1139 886 suis,
1162 807 1319 892 processit

141 911 278 995 sprocul
300 915 332 976 et
355 911 437 991 sedit
458 911 493 976 in
516 915 611 978 terre.
643 906 699 978 Et
722 911 910 996 evigilantes
933 911 1073 997 equilum
1107 913 1256 978 viderunt
1286 916 1319 978 et

167 1016 317 1082 dixerunt
337 1017 384 1081 ei:
408 1037 478 1088 ecee
501 1017 634 1103 angelus
658 1021 751 1095 tuus,
776 1037 881 1104 surge,
904 1039 1034 1104 sequere
1056 1039 1136 1084 eum.
1182 1015 1225 1082 lu
1246 1038 1317 1082 sur-

166 1141 246 1207 geue
269 1120 506 1206 valedicensque
538 1121 691 1188 frutribus
721 1122 913 1207 sequebatur
935 1145 1005 1188 cem
1034 1127 1067 1188 et
1099 1123 1187 1189 venit
1219 1144 1318 1206 usque

166 1226 222 1292 ubi
245 1226 351 1292 stebet
371 1227 479 1310 equile
501 1227 579 1312 ipse.
623 1226 701 1304 Quae
732 1249 806 1294 mox
838 1249 971 1312 surgens
1001 1229 1122 1294 volavit
1150 1248 1250 1313 usquc
1277 1227 1318 1292 ed

166 1352 266 1400 unum
298 1331 436 1397 studium
469 1335 502 1396 et
531 1333 649 1398 iterum
682 1333 774 1400 sedit.
831 1331 987 1398 Similiter
1022 1333 1215 1418 sequebatur
1247 1353 1316 1397 cem

128 1453 154 1490 ¹⁰
168 1437 269 1504 freter
290 1436 354 1502 ille.
400 1435 443 1502 Et
465 1437 579 1504 iterum
612 1438 733 1504 volavit
763 1442 795 1503 et
826 1437 909 1503 sedit
939 1459 1002 1504 non
1034 1437 1138 1525 longe.
1185 1436 1318 1502 Furtum

167 1546 215 1608 cst
238 1563 311 1608 vero
332 1543 392 1608 hcc
413 1565 470 1628 per
484 1542 578 1608 hores
593 1547 668 1610 tres.
713 1541 918 1638 Postmodum
943 1546 1059 1620 eutem,
1082 1541 1158 1606 dum
1174 1540 1318 1625 sequitur

168 1670 254 1726 eom,
282 1649 413 1715 divertit
434 1650 504 1734 ipse
526 1649 633 1733 equile
655 1648 690 1714 iu
713 1649 876 1714 dexterum
900 1653 1022 1732 purtem
1045 1645 1207 1731 sequentis
1229 1667 1263 1711 se
1285 1647 1318 1710 et

167 1773 232 1818 non
255 1755 442 1838 comperuit.
488 1752 600 1819 lheter
622 1774 698 1818 vero
711 1751 776 1819 -ille
803 1752 1012 1817 nihilominus
1035 1751 1226 1836 sequebatur
1247 1770 1317 1815 eam

168 1861 200 1922 ct
221 1858 391 1943 respiciens
414 1857 495 1922 vidit
517 1861 582 1922 tres
606 1858 733 1923 arbores
756 1857 935 1942 pulmarum
965 1864 998 1922 et
1029 1857 1151 1922 fontem
1173 1875 1264 1940 equae
1285 1860 1318 1920 et
1400 1931 1403 1940 ἱ

127 1972 154 2012 ¹⁶
167 1961 349 2046 speluncam
372 1967 404 2028 et
427 1963 524 2028 dixit:
554 1983 632 2064 ecce·
645 1961 751 2042 locus,
784 1984 878 2046 quem
900 1961 980 2027 mihi
1003 1962 1149 2027 domiuus
1170 1959 1317 2046 pmuvitl

169 2065 210 2132 Et
232 2067 393 2153 ingressus
416 2069 498 2134 sedit
520 2069 554 2134 iu
578 2091 615 2134 ee
636 2090 764 2134 sumens
785 2068 892 2133 cibum
915 2067 1103 2132 doctilorum
1121 2069 1154 2131 et
1176 2066 1214 2131 de
1228 2065 1318 2130 fonte

168 2193 282 2258 equum
304 2171 438 2259 bibons3
469 2176 502 2238 et
535 2172 611 2240 fecit
642 2173 759 2240 ibidem
791 2193 892 2238 annos
922 2193 978 2238 sex
1009 2171 1169 2237 neminem
1194 2170 1315 2236 videns.

168 2275 210 2342 Et
232 2297 302 2342 ecce
324 2299 389 2342 uns
411 2278 461 2343 die
484 2277 572 2343 venit
602 2277 641 2343 ed
664 2299 734 2343 sum
759 2277 904 2343 diabolus
926 2277 960 2342 in
982 2275 1192 2342 similitudine
1213 2275 1317 2358 eujus-

167 2380 240 2448 dam
262 2381 388 2448 abbatis
411 2383 546 2449 senioris
568 2383 689 2450 hebens
706 2385 829 2449 vultum
844 2383 1029 2450 terribilem.
1075 2381 1196 2447 Videris
1210 2383 1316 2446 eutem

127 2507 153 2547 ro
167 2507 238 2550 eum
261 2487 362 2552 freter
384 2487 441 2554 ille
462 2487 573 2554 timuit
594 2493 627 2554 et
649 2489 813 2572 procidens
836 2490 871 2554 in
891 2488 1067 2554 cretionem
1082 2485 1229 2551 surrexit.
1274 2482 1317 2550 ut

166 2590 245 2658 dicit
264 2592 294 2658 ei
317 2592 476 2658 diabolus:
500 2616 624 2661 oremus
647 2595 774 2672 iterum,
797 2593 914 2660 freter!
937 2597 1051 2659 etcum
1067 2590 1277 2657 surrexissent
1292 2589 1315 2669 ¹,

165 2695 310 2762 ‹liebclus
333 2697 432 2764 dixit:
465 2703 620 2783 quantum
653 2700 806 2785 temporis
829 2698 926 2765 hebes
948 2698 1024 2764 hiet
1057 2696 1101 2762 Et
1134 2693 1314 2780 respondit:

142 2799 266 2866 ‘habeo
287 2823 341 2868 sex
363 2825 473 2868 annos.
519 2803 607 2870 Dicit
629 2806 658 2870 ei
681 2805 823 2872 dumont
855 2826 924 2870 ecee
946 2808 979 2869 te
1001 2797 1141 2868 vicinum
1163 2800 1261 2866 habui
1283 2803 1316 2864 et

165 2925 229 2970 non
252 2906 344 2990 potui
357 2927 544 2992 cognoscere
558 2909 623 2974 nisi
633 2914 707 2975 ante
722 2909 788 2975 dies
804 2913 950 2993 quotuor,
972 2907 1057 2992 quod
1073 2907 1126 2973 hic
1140 2906 1314 2985 habitares,

125 3029 151 3068 re
165 3012 198 3072 et
219 3029 279 3095 ego
302 3031 367 3075 non
389 3011 485 3099 longe
507 3012 608 3078 hubeo
630 3035 650 3078 e
672 3018 705 3078 te
727 3015 966 3092 monesterium,
990 3017 1023 3078 et
1045 3034 1115 3078 ecce
1138 3011 1218 3076 enni
1239 3012 1316 3074 sunt

166 3113 213 3180 XI
236 3114 319 3200 quod
343 3114 381 3181 de
402 3117 595 3184 monasterio
625 3140 690 3184 non
718 3118 800 3184 exivi
831 3119 893 3184 nisi
924 3117 1034 3196 hodie,
1065 3116 1141 3201 quie
1169 3114 1315 3201 cognovi,

167 3220 249 3304 quod
273 3220 308 3284 in
331 3219 383 3284 hic
405 3220 509 3286 vicino
529 3221 701 3302 habitares,
724 3228 757 3288 et
771 3223 909 3308 cogitavi
924 3243 1047 3288 mecum
1063 3221 1180 3300 dicens,
1202 3220 1316 3285 vedum

166 3324 205 3390 ed
227 3324 388 3390 hominem
411 3324 470 3390 Dei
492 3325 590 3392 istum
613 3331 740 3393 etcum
762 3328 991 3405 ecconlerum,
1015 3325 1098 3410 quod
1120 3329 1225 3409 potest
1240 3345 1315 3410 pro·

165 3427 252 3494 desse
274 3429 371 3494 saluti
392 3431 508 3496 cnimoe
530 3453 616 3510 mere,
640 3435 673 3498 et
694 3433 754 3499 hoe
768 3433 847 3508 dico.
872 3432 981 3511 freter,
1005 3429 1089 3516 quod
1113 3429 1195 3494 nihil
1217 3428 1313 3514 profi-

125 3553 152 3592 ιο
166 3532 265 3598 cimus
288 3533 432 3599 sedentes
454 3534 488 3600 in
504 3535 592 3601 cellis
607 3537 686 3617 istis,
711 3537 786 3622 quia
801 3557 916 3622 corpus
939 3540 971 3602 et
990 3536 1179 3623 sanguinem
1194 3532 1315 3600 Christi
1355 3607 1359 3614 ⁴

166 3659 230 3704 non
252 3638 453 3723 percipimus,
477 3643 509 3704 et
532 3640 648 3722 timeo,
679 3663 720 3707 ne
741 3641 917 3708 efficiemur
939 3641 1039 3708 exteri
1062 3640 1103 3706 ab
1125 3661 1181 3718 eo,
1203 3639 1232 3703 si
1257 3658 1315 3703 nos

165 3742 289 3808 abhoc
316 3743 457 3809 misterio
487 3745 749 3832 elongaverimus.
795 3746 856 3812 Sed
885 3748 955 3813 dico
986 3747 1064 3826 ribi,
1094 3746 1212 3823 freter,
1245 3763 1315 3809 ecce

104 3909 115 3922 ,
165 3847 240 3914 hine
277 3847 381 3914 tribus
413 3849 557 3916 millibus
590 3857 640 3916 est
677 3852 905 3918 monesterium
940 3851 1060 3918 habens
1093 3849 1314 3935 presbiterum,

165 3973 272 4018 cemus
301 3973 378 4040 ergo
411 3955 569 4022 dominice.
592 3957 642 4021 die
664 3960 737 4042 post
759 3957 836 4023 dues
858 3956 1047 4022 ebdomades
1069 3959 1101 4020 et
1124 3952 1315 4039 accipiemus

123 4076 150 4117 ει
164 4079 277 4142 corpus
299 4062 332 4123 et
353 4059 543 4144 sanguinem
566 4059 687 4126 Christi
717 4065 750 4126 et
782 4065 978 4126 revertamur
999 4062 1038 4126 ud
1061 4059 1156 4126 celles
1178 4061 1313 4124 nostres.

164 4162 288 4230 Placuit
310 4163 404 4230 fretri
427 4165 532 4230 suerio
560 4164 619 4231 illu
650 4165 806 4232 diabolice
836 4170 869 4231 et
897 4167 1043 4233 veniente
1073 4165 1125 4232 die
1155 4162 1315 4230 dominice

736 4286 754 4326 *

235 4391 247 4444 1
268 4385 390 4444 lrtherc
408 4387 570 4460 euegeben:
588 4391 618 4446 et
635 4392 782 4462 surgentes
801 4390 882 4448 dixit.
