3082 4938
815 323 876 388 162

265 508 419 568 statuere:
441 498 552 584 quodsi
571 498 748 562 Germanias
770 499 815 562 sit
837 497 926 562 utilis
949 499 982 561 et
1003 497 1152 562 salutaris
1173 496 1240 562 haec
1262 495 1420 572 doctrina,

265 631 330 672 uon
354 627 446 690 posse
469 605 557 669 illam
582 625 645 669 non
669 626 736 668 csse
757 603 954 668 commodam
989 606 1022 666 ct
1052 603 1260 667 necessariam
1284 623 1422 685 quoquc,

265 735 328 777 nou
352 712 416 775 tuis
440 711 533 774 modo
555 709 753 787 dicionibus,
788 729 895 771 rerum
925 707 1022 771 etium
1057 707 1118 770 toti
1147 713 1305 771 terrarum
1336 707 1422 772 orbi.

267 817 336 894 Qua
358 816 396 880 de
418 835 511 880 causa
533 813 760 897 Hispaniarum
791 835 845 878 rex
870 813 1104 891 Ferdiuaudus,
1139 835 1216 876 avus
1246 816 1320 877 tuns
1350 834 1422 876 ma·

265 927 391 998 ternus,
426 919 665 1002 inquisitionem
690 919 778 984 illam
803 918 997 995 instituerit,
1034 923 1145 982 notum
1176 921 1241 992 est;
1275 938 1312 981 ca
1333 937 1422 981 nnnc

265 1027 391 1092 sublata
413 1047 525 1103 causa,
561 1023 653 1088 dehet
682 1024 777 1088 etiam
802 1023 921 1088 aboleri
945 1044 1073 1106 prorsus
1097 1021 1274 1106 inquisitio.
1323 1021 1424 1086 Recto

267 1131 393 1216 quidem
427 1134 459 1194 ct
491 1129 636 1213 legitime
669 1128 734 1193 fuit
763 1132 915 1212 usurpata
945 1128 978 1191 iu
1002 1126 1192 1192 Christiauae
1213 1127 1421 1210 professionis

266 1237 411 1301 homines
433 1233 633 1298 Judnismum
660 1237 844 1317 sequentes,
879 1254 988 1296 verum
1019 1236 1134 1316 praeter
1163 1253 1289 1297 cansam
1311 1236 1344 1298 et
1365 1255 1421 1298 ra-

266 1341 386 1404 tionem
409 1343 570 1402 exercetur
593 1339 626 1401 in
650 1359 712 1415 eos,
737 1339 790 1421 qui
812 1339 816 1420 Ι
836 1338 971 1422 cupiunt
992 1359 1162 1422 ugnoscerc
1185 1336 1362 1417 Christum,
1387 1341 1423 1402 et

266 1444 379 1510 falsam
414 1442 591 1507 doctrinam
626 1463 751 1506 omnem
787 1443 917 1506 student
950 1445 1077 1508 evitare.
1130 1441 1357 1520 Quamobrem,
1393 1443 1422 1506 si

267 1548 359 1632 regui
383 1547 431 1610 tui
455 1567 597 1630 proceres
619 1567 656 1610 ac
679 1547 805 1610 ordines
827 1569 863 1609 eo
886 1567 1068 1632 permovere
1091 1568 1212 1630 posses,
1248 1551 1283 1611 ut
1308 1567 1423 1611 emen-

267 1653 396 1716 daretur
417 1652 484 1728 ilia,
508 1650 702 1735 permultum
725 1650 758 1713 iu
783 1673 819 1714 eo
841 1673 918 1716 saue
940 1650 1050 1716 feceris
1073 1671 1131 1735 pro
1145 1651 1284 1716 nominis
1299 1651 1421 1717 Christi

267 1756 371 1842 gloria
385 1758 418 1818 et
433 1756 643 1838 plurimorum
666 1755 777 1818 salute.
808 1737 893 1818 Nam
915 1755 953 1835 si,
977 1757 1059 1839 quod
1083 1761 1132 1820 est
1154 1757 1187 1819 in
1205 1778 1242 1820 ea
1257 1757 1419 1834 vitiosum,

268 1883 329 1925 non
363 1859 512 1937 tollatur,
547 1860 750 1942 asperitatem
774 1859 805 1922 in
829 1881 862 1923 se
886 1861 981 1924 nimis
1004 1860 1146 1943 profecto
1169 1882 1320 1945 magnam
1343 1883 1421 1925 oon-

267 1965 359 2042 tinet,
382 1986 418 2027 ac
440 1965 571 2028 omuino
594 1965 700 2041 talem,
724 1965 812 2048 cujus
834 1964 1011 2048 exemplum
1036 1965 1069 2027 in
1094 1965 1191 2030 nullis
1212 1971 1299 2031 extat
1314 1987 1423 2030 rerum

268 2069 492 2134 monumentis.

354 2173 471 2238 Eadem
495 2179 543 2238 est
566 2175 660 2256 piane
682 2175 764 2238 ratio
780 2175 813 2237 in
830 2179 886 2238 tna
901 2179 970 2239 tota
986 2175 1125 2261 Belgica,
1150 2176 1265 2259 quibus
1287 2177 1320 2239 iu
1343 2176 1423 2240 locis

269 2279 370 2343 multa
392 2279 524 2344 subinde
547 2278 630 2342 fiunt
652 2279 791 2358 decretu,
829 2279 943 2362 quibus
967 2285 1149 2344 coercentur
1181 2279 1346 2358 homines,
1380 2302 1424 2345 ne

268 2384 442 2448 doctrinam
466 2384 549 2448 hanc
571 2383 735 2468 recipiant.
766 2383 809 2448 Et
832 2405 895 2468 quo
918 2385 983 2449 fere
1004 2390 1146 2469 tempore
1166 2387 1199 2449 in
1216 2383 1423 2450 Germaniam

836 2503 854 2542 aa

269 2591 486 2668 undersassen,
509 2591 632 2656 solcher
647 2594 751 2676 gabeu
766 2592 963 2678 theilhafftig
979 2593 1121 2670 muchan,
1145 2593 1210 2656 und
1226 2595 1421 2678 gedencken,

269 2716 317 2758 wo
339 2697 476 2780 gemeltc
498 2696 571 2774 lere,
595 2697 767 2762 Teutseher
791 2697 928 2774 Notion,
952 2701 1011 2783 gut
1034 2698 1098 2760 und
1124 2697 1257 2762 heilsam
1281 2700 1340 2778 ist,
1364 2699 1423 2763 das

268 2799 313 2862 sie
336 2800 385 2863 nit
406 2800 501 2864 allcin
526 2800 561 2865 Ε.
579 2800 621 2864 Μ.
639 2800 830 2878 Erblandeu,
854 2801 968 2864 sunder
991 2800 1071 2865 anch
1094 2802 1149 2865 der
1171 2807 1308 2887 ganmen
1332 2802 1421 2882 welt,

269 2903 419 2982 nhtzlich,
443 2904 605 2982 trbstlich,
628 2906 693 2969 und
717 2907 789 2988 [18]
813 2905 1005 2990 notdurfftig
1027 2907 1095 2969 sein
1119 2929 1199 2970 mus.
1246 2905 1331 2971 Umb
1354 2929 1421 2972 was

269 3007 421 3072 ursachen
448 3009 553 3074 willen
584 3009 763 3094 ohgemelte
786 3009 1000 3092 Inquisition,
1033 3031 1094 3075 von
1119 3009 1153 3074 Ε.
1179 3012 1223 3075 Μ.
1252 3011 1422 3090 anherreu,

270 3111 377 3198 Konig
397 3113 606 3192 Ferdinando,
629 3115 841 3200 uffgerichtet,
864 3115 908 3178 ist
931 3115 1064 3199 lrflndig,
1087 3113 1251 3180 Nachdem
1275 3117 1350 3181 aher
1372 3116 1425 3181 die

269 3218 383 3282 ursach
404 3201 554 3297 uffhbrct,
578 3221 625 3284 sol
648 3221 699 3285 die
724 3219 916 3305 Inquisitiou
933 3221 1015 3285 auch
1032 3222 1081 3286 nit
1097 3222 1187 3288 mehr
1203 3223 1280 3286 sein.
1312 3221 1424 3307 Gegeu

269 3321 319 3385 dic
342 3321 498 3402 Christen,
523 3344 558 3387 so
580 3325 620 3388 da
642 3323 833 3402 Jtidischen,
865 3325 909 3390 ist
933 3325 977 3390 sie
1001 3325 1091 3390 recht
1114 3328 1317 3412 angestellet,
1348 3327 1426 3392 aber

269 3445 369 3510 gegeu
395 3428 455 3506 die,
477 3450 512 3492 so
534 3430 573 3493 da
595 3430 731 3515 begereu
754 3431 916 3496 Christum
939 3431 1029 3494 recht
1051 3433 1089 3494 ch
1111 3433 1291 3508 erkenueu,
1322 3433 1425 3496 demit

270 3529 315 3593 sie
337 3531 404 3595 sich
427 3553 483 3596 vor
505 3534 605 3597 denen
628 3533 839 3599 Endohristen
862 3536 951 3599 desto
974 3535 1030 3600 bas
1053 3531 1151 3601 hdteu
1182 3543 1312 3622 mbgen,
1349 3539 1426 3602 wirt

270 3634 315 3698 sie
338 3636 493 3702 unbillich
516 3634 640 3723 godbet.
679 3639 742 3704 Wo
765 3663 808 3704 nu
833 3639 867 3703 Ε.
890 3639 933 3704 Μ.
957 3641 1008 3704 die
1030 3639 1128 3704 Stend
1153 3641 1248 3706 dahin
1272 3642 1423 3726 bewegcn

271 3741 387 3820 mbcht,
411 3742 466 3806 das
489 3745 533 3807 sie
555 3744 839 3828 gelindert,'auch
862 3745 950 3809 recht
973 3746 1037 3810 und
1061 3745 1210 3810 fdrmlich
1233 3748 1425 3832 angostelict

270 3847 334 3910 und
358 3847 507 3932 gehalteu
530 3851 652 3927 wtrde,
686 3851 719 3914 in
742 3852 812 3915 dem
835 3850 892 3914 het
913 3848 948 3912 Ε.
974 3849 1016 3913 Μ.
1043 3851 1119 3914 umb
1144 3849 1255 3916 Cottas
1277 3852 1342 3915 und
1365 3852 1422 3915 dor

271 3951 404 4015 warheit
426 3953 531 4018 willon
556 3976 614 4040 gar
637 3955 681 4019 ril
711 3955 840 4040 gethon.
886 3955 979 4020 Deun
1010 3961 1101 4020 sonst
1128 3957 1186 4020 ists
1215 3955 1266 4020 ein
1297 3956 1422 4020 solcher

271 4054 420 4141 bmrrang
444 4060 507 4123 und
531 4060 748 4146 cigenthumb,
772 4060 970 4146 desgleichon
996 4061 1048 4125 nie
1070 4059 1202 4146 gehhret
1224 4061 1278 4126 ist

357 4159 566 4247 Derglcichen
598 4167 640 4230 ist
667 4167 747 4231 auch
781 4189 841 4230 rou
867 4163 900 4228 Ε.
927 4165 968 4228 Μ.
994 4165 1083 4230 nider
1107 4164 1287 4229 Erhlnnden
1311 4168 1350 4230 m
1372 4185 1422 4228 re·

271 4261 348 4340 den,
373 4264 405 4327 in
429 4267 566 4331 welchen
591 4270 626 4334 E.
653 4271 696 4334 M.
720 4271 821 4335 ucbcn
846 4271 982 4335 anderen
1009 4271 1138 4355 vorigen
1162 4269 1334 4334 Mandaten
1357 4269 1423 4332 und

271 4366 425 4451 Edicteu,
459 4373 516 4438 hat
549 4377 682 4440 newlich
715 4399 774 4462 gar
806 4379 856 4442 ein
889 4376 1003 4462 hefftig
1025 4375 1158 4440 Mandat
1181 4375 1247 4438 dise
1269 4374 1344 4439 sach
1368 4373 1423 4438 be·
