3172 4958
13 4391 14 4434 l

13 4463 15 4516 l

815 290 859 356 90

265 485 334 547 qua:
356 461 583 546 profusissimis
604 457 838 544 beneficentiis,
863 484 941 547 quae
965 462 1092 548 quidem
1115 465 1202 550 agis,
1238 465 1332 530 rebus
1355 487 1418 530 nu-

264 590 387 632 merum
416 568 532 633 tribuis
565 574 597 635 et
631 575 839 655 augmentum
869 571 993 635 diurnis
1023 571 1169 655 periodis,
1224 571 1300 638 Mox
1330 571 1420 636 enim

264 673 379 756 palma,
404 678 440 737 ut
462 675 650 758 superbiam,
674 677 712 740 de
734 697 797 760 qua
819 697 852 740 se
874 675 1011 754 levaret,
1035 675 1182 759 dejiceret
1205 698 1241 742 ao
1263 698 1327 760 quo
1350 678 1419 742 lac·

265 778 393 842 tebetur
417 779 572 857 tristaret,
596 780 641 844 ita
665 782 766 844 fertur
789 781 921 846 dixisse:
946 781 1026 846 bene
1047 801 1080 845 es
1104 781 1278 860 cucurbita,
1302 803 1419 848 curra-

237 886 332 948 stum
350 883 503 966 judicium
519 884 655 960 babens:
679 907 824 969 namque,
848 886 876 950 si
896 907 973 951 sane
995 885 1138 964 sentires,
1162 886 1196 950 in
1220 890 1252 950 te
1275 907 1338 950 non
1362 907 1419 950 ra·

263 988 347 1072 pinae
369 989 416 1052 vis
439 989 492 1052 sed
512 981 687 1071 judicativa
710 990 830 1075 vigeret
853 993 886 1054 et
908 990 1019 1073 utique
1041 991 1230 1068 attenderes,
1254 992 1339 1075 qnod
1362 1012 1417 1054 re·

264 1093 436 1180 gularitate
468 1094 607 1159 mirabili
631 1100 747 1160 natura
768 1100 882 1161 cuneta
905 1096 1075 1180 disponens
1095 1097 1189 1179 juxta
1211 1117 1312 1160 mores
1335 1117 1420 1181 aug·

265 1198 469 1263 mentationis
499 1205 661 1265 mensurat
691 1201 836 1284 periodos
870 1201 1057 1266 durationis.
1104 1199 1226 1266 Revera
1248 1201 1332 1284 qued
1355 1202 1420 1265 im-

264 1308 388 1369 mature
410 1305 539 1380 crescit,
571 1305 635 1370 cito
664 1305 816 1369 decrescit
847 1311 880 1369 et
910 1305 1065 1389 paulatim
1096 1309 1224 1370 anctum
1252 1307 1422 1390 longeest

226 1428 251 1466 :c
266 1407 456 1472 duratirum.
509 1407 666 1482 Effemera
697 1409 791 1495 piscis
822 1409 987 1494 repentine
1025 1414 1250 1496 augmentatus
1285 1433 1321 1476 eo
1356 1411 1419 1490 die,

265 1534 328 1597 quo
350 1513 471 1592 oritur,
507 1515 642 1579 moritur
674 1518 706 1578 et
737 1514 865 1598 elephas
896 1516 1113 1580 centenarium
1135 1517 1224 1579 venit
1245 1517 1284 1580 ad
1308 1516 1422 1582 termi-

265 1640 352 1698 num,
379 1621 455 1702 quia
477 1621 628 1687 festinum
653 1621 826 1686 nonhabet
848 1623 1088 1688 incrementum.
1135 1621 1273 1686 Torrens
1289 1621 1422 1705 rapidus

265 1725 329 1789 cito
344 1727 540 1791 consumitur
563 1729 719 1792 attardus
741 1728 877 1810 amplius
901 1749 995 1811 passu
1019 1728 1246 1792 moderaminis
1267 1728 1420 1810 antiqua-

265 1833 328 1895 tur.
375 1829 490 1896 Melius
513 1837 562 1896 est
585 1853 660 1917 ergo
688 1831 844 1915 paulatim
871 1853 1010 1896 erescere
1041 1837 1074 1896 et
1105 1833 1282 1896 diutissime
1310 1832 1422 1916 vigere

197 1949 253 1993 .¹⁶
269 1955 363 2016 quam
398 1936 529 2000 celerius
562 1958 797 2021 supercrescere
834 1941 866 2002 et
903 1937 1091 2021 quantocius
1129 1936 1278 2001 ariditate
1315 1934 1420 1998 finire.

267 2038 388 2114 Quibus
411 2063 475 2105 non
501 2045 584 2106 certe
607 2043 676 2106 sine
698 2041 907 2106 tribulatione
929 2041 1046 2107 auditis
1069 2043 1232 2125 suspicans
1256 2039 1423 2106 cucurbita

267 2143 363 2208 dixit:
387 2146 458 2228 quis
480 2151 511 2210 te
533 2147 593 2212 hoc
616 2148 747 2212 docuit?
771 2147 813 2212 Et
835 2148 910 2212 illa:
933 2147 1095 2212 tarditatis
1118 2146 1245 2230 quidem
1268 2166 1345 2210 mee:
1362 2166 1421 2208 an-

268 2250 410 2332 tiquitas,
434 2273 509 2316 nam
531 2252 564 2316 in
581 2253 722 2336 antiquis
747 2258 795 2317 est
818 2253 984 2334 sapientia.
1032 2252 1122 2317 Tune
1144 2251 1210 2328 illa,
1236 2249 1421 2314 maestitiam

268 2355 395 2420 tandem
417 2357 551 2422 addente
562 2358 704 2435 scientia,
731 2356 849 2422 talibus
873 2357 905 2420 in
929 2357 1147 2440 praejudicinm
1167 2373 1262 2418 'suum
1286 2356 1319 2418 et
1334 2375 1422 2418 eom-

230 2473 255 2512 20
269 2459 396 2525 modum
427 2462 561 2527 aliorum
594 2461 718 2527 erudita
749 2461 914 2526 cucurbita
946 2482 1017 2526 curn
1049 2459 1199 2545 lacrymis
1233 2457 1424 2523 exclamavit

219 2572 220 2575 ’
268 2569 301 2629 et
323 2565 418 2631 dixit:
447 2587 466 2630 o
495 2569 629 2632 nimium
658 2567 817 2632 infelicem
840 2566 1048 2650 rapacitatem
1072 2563 1230 2648 cupidinis
1245 2585 1283 2628 ao
1298 2562 1421 2626 violen-

268 2673 310 2733 tae
339 2670 451 2734 radicis
478 2693 514 2734 ae
536 2671 750 2736 felicissimam
775 2671 1004 2735 moderantiam
1028 2668 1205 2752 aequitatis!
1236 2666 1313 2743 Qua:
1335 2665 1422 2730 enim

268 2773 331 2837 cito
353 2779 443 2838 vorat
466 2773 605 2838 violenta
626 2777 799 2859 rapacitas,
830 2773 1036 2840 effunduntur
1060 2778 1132 2857 post
1155 2773 1331 2848 modicum,
1367 2770 1423 2833 sed

269 2897 338 2960 quae
361 2877 515 2960 paulatim
546 2880 682 2962 acquirit
711 2880 861 2963 aequitas,
893 2899 1057 2961 nunquam
1081 2878 1251 2953 deficiunt,
1282 2876 1357 2959 quia
1387 2875 1422 2937 in

230 2997 255 3034 2⁶
268 2982 496 3065 sempiternum
536 2989 643 3048 manet
678 2985 811 3068 justitiae
847 2984 1102 3049 fundamentum.
1164 2981 1285 3056 Quibus
1325 2978 1420 3042 dictis

269 3086 432 3152 conticuit.

268 3293 421 3361 Contra
454 3318 541 3375 eos,
581 3299 650 3381 qui
681 3296 879 3381 seraptis
917 3296 1091 3360 divitiis
1129 3295 1289 3380 plenos
1327 3311 1424 3354 esse

745 3401 943 3488 gandent

440 3575 494 3641 De
516 3577 790 3662 sanguisuga
812 3582 853 3640 et
874 3573 1073 3650 formica,
1097 3593 1164 3656 cap.
1192 3575 1240 3636 14.

228 3736 254 3774 ³0
354 3715 393 3780 In
431 3717 566 3782 membri
607 3717 790 3802 languentis
822 3715 1001 3780 antidotum
1039 3713 1197 3796 corruptis
1232 3710 1423 3775 humoribus

268 3823 434 3908 aggravati
465 3822 628 3886 sitibunda
659 3820 827 3907 sanguinis
860 3821 1009 3906 apposita·
1036 3817 1230 3904 sanguisuga
1264 3815 1425 3900 gratulari

269 3928 367 4010 coepit
396 3927 581 4006 admodum,
610 3929 694 4012 qnod
724 3928 764 3992 ad
795 3929 916 3991 fontem
947 3947 1099 3990 venarum
1131 3925 1319 4004 pervenerat
1350 3941 1426 3984 ase

270 4032 390 4096 diutius
412 4037 607 4116 exoptatum.
653 4031 732 4098 Cum
756 4037 862 4097 autem
886 4053 1016 4096 acumen
1040 4031 1105 4094 oria
1128 4047 1184 4110 per
1208 4024 1426 4109 peralisontis

269 4140 408 4200 meatum
440 4157 552 4200 venam
584 4137 724 4202 thesauri
759 4136 875 4200 vivifici
918 4135 1076 4218 attigisset
1114 4134 1146 4195 et
1186 4128 1308 4193 nisibus
1347 4129 1425 4192 totis

231 4260 256 4298 es
269 4240 420 4305 deliciosa
442 4245 520 4308 tunc
542 4242 696 4308 aviditate
718 4241 797 4306 satis
821 4239 906 4324 quod
929 4239 1075 4303 sitiverat
1097 4235 1239 4312 biberet,
1269 4237 1338 4299 arte
1361 4233 1424 4298 mi·

269 4342 364 4408 rabili
387 4346 535 4412 nocivum
560 4347 599 4411 ab
622 4347 696 4412 utili
718 4347 961 4432 sequestratum,
986 4347 1102 4413 natura
1124 4338 1275 4426 diligenti
1298 4339 1422 4425 sagaci·
