3172 4958
740 288 781 350 55

185 455 272 541 poris
296 454 392 522 simul
413 458 445 521 11
469 455 572 521 cordis
594 455 691 522 robur
715 457 867 525 aufertur.
914 457 1000 523 Nam
1026 481 1090 540 una
1118 481 1189 548 cum
1212 460 1337 545 capillis

147 575 152 584 '
186 560 305 627 virtute
316 560 590 645 perditaspiritus,
607 560 726 626 dudum
744 563 957 646 triumphator
972 563 1127 629 mirabilis
1140 587 1212 628 mox
1224 563 1336 648 Samp-

185 687 243 732 son
274 665 377 730 taetris
405 668 453 729 est
476 665 630 730 infirmus.
675 665 735 730 Sed
760 689 830 731 cum
854 689 1043 753 quemquam
1066 691 1103 735 ex
1126 670 1238 736 robore
1268 692 1336 736 cor-

185 770 272 855 poris
295 769 424 854 perdere
446 769 545 834 animi
567 770 778 839 solitudinem.
794 773 948 856 superbiae
970 775 1029 851 sit,
1060 778 1195 858 quanta,
1220 796 1336 858 quaeso,

158 901 171 940 s
187 880 235 942 est
250 874 396 942 valetudo
412 873 524 952 carnis,
548 896 643 958 quam
658 880 816 960 punctura
832 878 948 944 doloris
971 880 1154 962 prosternit,
1178 879 1264 945 horae
1288 879 1337 944 vel

185 981 330 1048 anxietas
353 978 487 1064 frangit,
511 999 647 1064 granum
670 982 783 1046 veneni
806 983 935 1068 perimit
966 990 998 1047 et
1021 984 1179 1048 modicum
1201 984 1279 1049 ferri
1302 985 1336 1048 in

71 1127 77 1136 ·
185 1086 414 1170 sempiternum
448 1083 580 1148 occidit!
623 1084 743 1149 Verum
778 1087 811 1150 in
844 1087 1043 1152 naturalibus
1073 1088 1167 1152 rebus
1201 1090 1337 1174 maj0res

184 1192 268 1258 vires
291 1211 368 1268 esse,
392 1189 461 1253 sine
483 1189 633 1272 superbia
655 1189 863 1276 dignoscitur.
909 1191 995 1258 Nam
1016 1193 1148 1277 spissior
1170 1197 1202 1258 te
1218 1196 1266 1258 est
1281 1213 1336 1277 ge-

184 1295 283 1376 10111,
306 1315 401 1378 quam
423 1293 531 1358 nullus
553 1296 727 1377 pertransit
750 1301 865 1374 aestus,
896 1296 1027 1360 solidior
1049 1297 1206 1376 asbeston,
1240 1297 1337 1381 quia

144 1430 172 1466 ro
185 1400 391 1468 comburente
411 1397 540 1462 flamma
562 1420 627 1462 non
650 1400 813 1478 tonditur,
837 1405 870 1464 et
892 1401 1001 1466 durior
1023 1402 1150 1467 adamus
1172 1424 1336 1485 nunquam

186 1528 206 1570 a
228 1504 313 1570 ferro
335 1504 485 1569 devictus.
523 1502 640 1582 ¹Porro,
665 1505 692 1569 si
714 1506 877 1590 superbis,
909 1507 1055 1571 adversus
1084 1507 1336 1591 omnipotentem

186 1613 219 1675 te
241 1609 348 1696 erigis.
395 1606 453 1672 Cui
476 1629 547 1673 eum
571 1609 677 1674 nullus
700 1610 846 1675 resistere
869 1613 979 1694 possit,
1005 1613 1181 1677 concitatus
1197 1612 1338 1697 assurgit

185 1717 219 1779 et
241 1735 315 1778 mox
337 1713 555 1778 adversantem
587 1712 648 1778 sibi
680 1715 842 1798 potentior
872 1719 1060 1799 potestatem
1092 1717 1191 1781 elidit.
1239 1715 1336 1780 Crede

184 1839 262 1904 ergo
285 1817 384 1896 mihi,
418 1816 501 1900 quod
531 1815 614 1881 nihil
639 1818 774 1900 superba
797 1819 961 1884 validitate
983 1821 1159 1900 infirmius,
1192 1820 1337 1904 nihilque

145 1954 171 1990 rs
185 1923 301 1990 humili
324 1920 487 1988 debilitate
519 1920 681 2005 potentius
712 1923 745 1986 in
775 1923 834 1988 hoe
856 1925 959 1989 seculo
988 1925 1159 1992 invenitur.
1204 1925 1336 1990 Ferrum

186 2030 273 2095 enim
295 2029 416 2111 quanto
439 2025 557 2102 durius,
581 2029 673 2090 tanto
696 2027 833 2091 velocius
856 2027 1025 2114 frangitur,
1051 2035 1082 2094 et
1104 2031 1223 2095 vitrum
1244 2033 1336 2095 tanto

185 2134 311 2200 facilius
334 2131 504 2216 rumpitur,
529 2134 648 2214 quanto
672 2133 808 2215 amplius
832 2133 1008 2198 induratur.
1055 2134 1208 2200 Attamen
1240 2137 1336 2221 gutta

187 2237 374 2304 mollissima
396 2239 487 2303 11111
517 2255 627 2300 saxum
659 2239 690 2300 et
723 2238 829 2302 teredo
863 2239 978 2302 vermis
1011 2241 1201 2304 tenerrimus
1231 2245 1336 2305 vastat

143 2364 154 2372 ·
186 2345 329 2429 lignum,
365 2342 419 2406 sed
450 2345 482 2405 et
509 2340 699 2406 fulminatus
728 2341 855 2408 duriora
886 2343 1023 2407 destruit
1051 2343 1182 2428 spiritus
1209 2349 1241 2408 et
1268 2348 1334 2410 tam

145 2475 171 2513 11
187 2448 314 2513 mollius
335 2451 487 2512 stannum
511 2445 550 2509 ab
572 2445 817 2511 incendiotutut
832 2445 960 2510 terrum.
1008 2446 1163 2522 Quoniam
1186 2451 1334 2526 eternus,

186 2557 306 2639 quanto
328 2551 431 2638 magis
453 2554 617 2630 curvatur,
646 2553 738 2616 tanto
767 2554 799 2615 et
821 2551 956 2615 validius
985 2551 1088 2618 mittit
1108 2552 1217 2616 ictum.
1264 2553 1334 2629 Quo

186 2659 271 2724 dicto
292 2658 411 2724 uictum
433 2655 581 2741 superbio
603 2655 793 2720 unicornum
815 2656 947 2720 dimisit.

185 2868 346 2935 Contra
367 2865 666 2951 superbientes
682 2888 728 2931 er
743 2867 1067 2952 progenitorum
1083 2867 1331 2934 nobilitate.

431 3039 488 3108 De
510 3040 698 3106 bordone
721 3042 912 3119 stmulo,
936 3007 1012 3126 cap.
1034 3047 1080 3108 19.

146 3208 171 3247 as
274 3181 355 3248 Cum
376 3181 438 3246 sibi
461 3180 583 3266 pariter
605 3180 827 3257 occurrissent,
851 3181 1029 3265 spernendo
1052 3180 1173 3247 mulum
1194 3181 1336 3265 jactabat

185 3311 219 3356 se
242 3289 358 3368 burdo,
391 3287 464 3372 quie
487 3309 506 3352 1
528 3284 657 3351 meliore
687 3291 778 3370 putre
807 3290 888 3349 esset
910 3287 1047 3370 genitus.
1094 3285 1152 3350 cui
1174 3308 1247 3351 mox
1269 3286 1334 3364 ille,

186 3396 302 3461 armati
324 3393 412 3479 pedis
435 3393 518 3456 calce
541 3394 678 3470 retento,
708 3395 816 3456 tamen
847 3392 988 3456 acutiore
1017 3391 1150 3455 rationis
1180 3389 1263 3455 calce
1286 3403 1334 3455 re·

186 3500 315 3584 spondit
337 3498 497 3582 dixitque:
521 3500 554 3562 et
576 3496 653 3580 quid
675 3496 736 3561 tihi
758 3495 871 3560 exinde
894 3495 1040 3580 amplius,
1064 3516 1135 3560 eum
1152 3495 1195 3558 sis
1211 3494 1335 3560 burdo?

187 3605 312 3670 Bonum
341 3625 477 3687 namque
508 3605 564 3667 aut
595 3601 715 3666 foedum
740 3600 954 3686 generationis
978 3623 1016 3665 ex
1039 3600 1221 3665 assimilatis
1244 3599 1335 3684 geni-

145 3732 172 3771 11
186 3710 307 3776 toribus
330 3707 449 3773 existit.
492 3705 557 3771 Ubi
579 3727 654 3791 ergo
677 3706 743 3771 haec
755 3705 958 3770 conformitas
975 3704 1111 3782 tollitur,
1136 3704 1227 3782 nihil,
1251 3704 1335 3767 unde

187 3817 241 3894 sis,
267 3813 384 3880 referre
406 3813 540 3879 videtur.
585 3809 733 3896 Namque
755 3811 792 3875 de
809 3811 942 3875 dracone
958 3808 1155 3873 dracontides
1171 3809 1336 3893 pretiosis·

185 3923 267 3987 sima
289 3940 415 4007 gemma
437 3918 557 3995 oritur,
589 3917 627 3982 de
658 3916 743 4002 gallo
767 3921 949 4000 serpentum
972 3915 1184 3998 nequissimus
1207 3912 1336 3998 regulus

185 4029 366 4113 generetur,
392 4023 590 4091 medicinalis
613 4044 685 4089 ross
707 4022 744 4087 de
767 4022 868 4107 spinis
891 4021 1076 4106 producitur
1100 4022 1184 4085 etde
1199 4019 1336 4084 erinacis

182 4133 327 4217 juvativa
355 4129 534 4194 substantia
562 4127 726 4212 spinarum
756 4128 909 4193 acerbitas
932 4127 1102 4192 derivatur.
1148 4123 1200 4190 sie
1222 4146 1335 4189 aurum

145 4257 172 4298 aa
186 4239 224 4303 de
247 4236 400 4323 sulphure
421 4235 585 4321 gignitur,
618 4233 656 4297 de
684 4223 815 4297 flamma¹
840 4231 1003 4316 perlucida
1025 4233 1107 4294 teter
1130 4233 1219 4295 ortus
1244 4251 1334 4315 spar-

185 4344 274 4430 gitur
295 4342 411 4408 tumus.
455 4339 516 4406 Sed
539 4337 694 4423 quomodo
717 4359 842 4402 sursum
872 4335 994 4402 tolleris
1024 4356 1062 4398 ex
1094 4339 1245 4420 parente,
1278 4335 1335 4419 qui
