3146 4962
781 241 845 306 212

238 411 397 496 principes
420 409 568 476 affectum
581 412 666 477 huuc
684 413 814 497 pietatis
831 433 907 500 erga
922 413 1099 492 inferiores,
1116 413 1200 479 sicut
1214 411 1406 480 luculenter

237 515 427 602 exprimitur
452 517 485 581 in
510 539 617 582 eorum
642 519 750 604 gestis.
798 517 890 584 Unde
912 517 1124 584 Elimendus¹
1148 519 1182 582 in
1205 517 1313 586 Gestis
1329 517 1401 582 lto-

237 643 404 688 manorum
427 624 538 686 narrat
559 621 597 686 de
620 622 776 706 Trajano,
803 624 859 707 qui
883 645 954 688 cum
977 623 1191 689 adscendisset
1213 645 1330 707 equum
1353 623 1401 686 ad

239 727 358 792 bellum
381 725 581 804 festinanter,
604 729 746 812 quedam
770 729 866 793 vidua
887 728 1036 794 flebiliter
1060 729 1199 794 occurrit
1220 728 1250 793 ei
1266 727 1397 792 dicens:

211 833 387 910 cobsecro,
417 835 454 896 ut
482 832 669 918 sanguinem
701 833 761 898 filii
785 833 847 900 mei
870 834 1050 900 innocentis
1072 833 1207 919 peremti
1229 832 1399 900 vindicare

236 937 388 1023 digneris.
433 935 575 1020 Cumque
598 938 763 1024 Trajanus,
789 939 817 1004 si
840 961 935 1004 sanus
958 942 1188 1017 reverteretur,
1210 937 1396 1003 vindicatu-

234 1065 306 1108 rum
328 1065 361 1108 se
383 1065 454 1108 eum
477 1047 657 1122 testaretur,
680 1045 775 1110 vidua
791 1045 889 1109 dixit:
914 1044 1029 1129 etquis
1044 1043 1124 1110 mihi
1140 1044 1199 1110 hoc
1214 1043 1395 1128 praestabit,

236 1149 264 1212 si
287 1153 323 1214 tu
346 1149 380 1212 in
402 1148 514 1232 proelio
536 1148 707 1214 interibis?
738 1149 933 1234 Respondit:
961 1150 1016 1234 qui
1039 1154 1114 1234 post
1135 1173 1186 1215 me
1208 1149 1395 1234 imperabit.

236 1253 295 1320 Oui
318 1253 430 1318 vidua:
461 1255 493 1318 et
516 1254 576 1318 tibi
600 1254 676 1338 quid
699 1255 858 1338 proderit,
890 1257 918 1320 si
941 1256 1023 1320 alter
1054 1255 1133 1320 mibi
1156 1253 1316 1338 justitiam
1343 1252 1394 1318 fe-

198 1384 223 1421 10
238 1359 340 1425 oeritl’
363 1358 406 1423 Et
429 1358 603 1443 Trajanus:
625 1358 737 1442 utique
759 1360 850 1427 nihil.
897 1359 956 1426 Oui
981 1359 1091 1425 vidua:
1125 1381 1248 1436 nonne,
1272 1359 1391 1443 inquit,

237 1465 298 1529 tibi
320 1465 433 1531 melius
455 1470 518 1546 est,
549 1469 586 1530 ut
617 1468 653 1530 tu
683 1465 762 1530 mihi
793 1467 953 1551 justitiam
976 1467 1074 1534 facias
1097 1472 1129 1532 et
1150 1489 1207 1552 per
1224 1465 1285 1531 hoc
1306 1487 1392 1530 mer-

237 1571 343 1636 cedem
367 1570 513 1654 acoipias,
538 1591 633 1654 quam
649 1570 743 1635 alteri
758 1571 841 1638 hanc
864 1573 1074 1638 transmittes.
1121 1571 1213 1638 Tunc
1234 1570 1392 1655 'lrajanus

237 1677 357 1763 pietate
386 1678 561 1740 commotus
593 1675 631 1740 de
653 1697 734 1760 equo
757 1676 918 1743 descendit
940 1682 973 1743 et
995 1677 1177 1743 innocentis
1201 1675 1391 1761 sangninem

237 1780 420 1847 vindicavit.
466 1779 548 1845 Item
563 1781 637 1844 dum
664 1781 791 1864 quidam
824 1781 909 1846 filius
933 1781 1063 1866 Trajani
1087 1803 1144 1867 per
1166 1781 1277 1846 urbem
1300 1779 1392 1862 equi-

200 1907 225 1946 15
238 1887 336 1953 tando
360 1885 456 1950 nimis
479 1885 596 1950 lascive
618 1885 818 1965 discurreret,
843 1886 946 1950 filium
969 1885 1132 1971 cujusdam
1161 1886 1263 1950 viduae
1287 1884 1392 1949 inter·

237 1993 325 2058 emit.
379 1991 470 2067 Quod
508 2011 580 2054 cum
612 1990 751 2074 Trajauo
789 1991 884 2056 vidua
921 1991 1171 2077 lacrymabiliter
1208 1992 1392 2075 exponeret,

237 2097 342 2181 ipsum
364 2117 457 2160 suum
478 2094 597 2173 filium,
633 2094 687 2179 qui
710 2095 769 2160 hoc
791 2096 931 2174 fecerat,
964 2096 1066 2162 vidum
1088 2097 1157 2162 loco
1179 2096 1239 2160 filii
1260 2095 1310 2159 sui
1335 2095 1392 2158 dea

237 2201 341 2272 functi
363 2199 496 2266 tradidit
518 2203 551 2265 et
572 2200 739 2285 magnifice
762 2199 865 2284 ipsam
886 2200 1020 2266 dotavit.

447 2374 502 2442 De
524 2375 773 2441 onocrotalo
797 2381 841 2442 et
862 2377 1001 2456 asine,
1027 2375 1100 2442 dial.
1126 2379 1177 2441 69.
1226 2343 1238 2366 ⁶

198 2537 223 2575 ao
323 2514 533 2580 Onoeratalus
562 2513 612 2578 vel
634 2514 859 2592 onocrotalon,
896 2514 973 2580 dicit
1003 2513 1114 2593 Brito,
1145 2513 1289 2597 quaedem
1318 2514 1390 2578 avis

238 2625 302 2700 est,
334 2623 367 2683 et
392 2619 508 2684 dieitur
531 2618 571 2682 ab
594 2639 690 2696 onos,
724 2618 807 2701 quod
837 2623 886 2683 est
908 2620 1034 2697 asinus,
1069 2617 1144 2701 quia
1167 2617 1280 2683 faciem
1302 2619 1392 2704 gerit

237 2724 335 2797 asini,
365 2727 397 2786 et
429 2729 478 2788 est
507 2722 622 2786 similis
652 2722 757 2807 cigno
802 2721 879 2788 Haec
901 2723 969 2787 aris
991 2723 1026 2786 in
1048 2723 1171 2786 deserto
1193 2742 1253 2786 ova
1275 2725 1389 2806 partu·

237 2829 331 2906 rivit,
363 2827 475 2891 nidum
498 2827 675 2893 construxit
706 2831 738 2892 et
761 2827 843 2892 filios
865 2829 1052 2912 procreavit.
1098 2826 1159 2893 Sed
1181 2849 1254 2896 cum
1277 2827 1312 2892 in
1334 2827 1391 2892 de-

237 2937 321 2998 serto
344 2933 449 2997 cibum
472 2932 534 2997 sibi
557 2935 590 2996 et
612 2932 687 2996 filiis
709 2931 775 2996 auis
798 2953 863 2996 non
887 2932 1051 3017 reperiret,
1075 2931 1115 2996 ad
1138 2931 1301 2997 civitatem
1316 2953 1390 3015 per-

198 3039 326 3104 revenit
347 3041 380 3103 et
401 3037 525 3104 asinum
548 3037 588 3103 ad
610 3058 644 3100 se
666 3035 877 3102 amicabiliter
899 3036 1051 3102 clamavit
1073 3036 1197 3105 diceus:
1229 3057 1247 3100 o
1278 3035 1390 3114 frater,

237 3148 273 3208 ut
296 3142 409 3221 cernis,
432 3142 546 3207 similis
568 3143 617 3207 tui
640 3163 728 3220 sum,
752 3143 828 3225 quie
851 3141 964 3207 faciem
987 3141 1146 3206 asininam
1170 3145 1260 3227 gesto
1283 3145 1320 3206 ut
1342 3145 1390 3220 tn,

199 3278 203 3288 ·
237 3271 313 3334 ergo
341 3248 435 3314 debes
466 3251 501 3312 tu
530 3248 685 3312 confidere
714 3247 842 3324 deme,
872 3248 944 3310 veni
972 3247 1074 3332 igitur
1107 3268 1228 3312 mecum
1261 3251 1293 3311 et
1322 3247 1391 3312 noli

237 3377 359 3440 parere.
406 3353 524 3419 Asinus
555 3353 707 3417 innocens
739 3352 867 3416 intuens
899 3351 1023 3416 vultum
1054 3338 1214 3416 asininum
1249 3373 1321 3416 cum
1353 3373 1391 3416 ea

235 3459 424 3543 simpliciter
446 3459 561 3544 pergit,
585 3457 787 3522 onocrotalus
803 3461 910 3522 antem
933 3457 973 3521 ad
988 3454 1095 3522 forum
1111 3455 1243 3521 deduxit
1254 3455 1389 3522 asellum

197 3588 223 3627 so
236 3567 269 3628 et
291 3564 397 3630 cibum
419 3567 451 3629 et
473 3585 558 3629 escas
581 3563 642 3628 sibi
674 3567 706 3626 et
727 3562 802 3626 filiis
824 3562 981 3646 amplifice
1003 3561 1082 3626 emit
1111 3565 1144 3626 et
1173 3561 1298 3626 asinum
1330 3583 1389 3644 pro

234 3691 326 3754 posse
348 3669 493 3734 oneravit
514 3669 636 3734 dicens:
668 3688 764 3753 perge
785 3689 917 3746 mecum,
943 3668 1061 3745 frater,
1093 3664 1268 3732 deferamus
1302 3687 1388 3732 escas

235 3780 267 3839 et
289 3775 396 3840 cibum
418 3773 493 3838 filiis
525 3775 662 3854 nostris,
691 3773 731 3839 ad
759 3773 889 3838 libitum
922 3772 984 3839 tibi
1019 3772 1222 3839 satisfaciam.
1268 3772 1388 3838 Asinus

234 3885 340 3946 autem
361 3901 433 3946 cum
456 3880 680 3945 onocrotalone
701 3900 757 3963 per
779 3880 937 3943 desertum
961 3879 1017 3944 diu
1039 3877 1239 3963 peragravit,
1272 3879 1326 3944 sed
1348 3878 1389 3944 ad

235 3991 417 4063 eutremum¹
443 4006 515 4050 cum
544 4006 661 4072 magno
690 3984 797 4049 labore
829 3983 867 4048 ad
899 3983 1010 4048 nidum
1040 3983 1200 4067 pullorum
1232 3983 1386 4069 pervenit,

196 4111 222 4150 ³⁶
237 4092 291 4175 qui
314 4113 394 4156 onus
417 4090 564 4176 deposuit
586 4094 619 4156 et
639 4090 779 4175 pretium
804 4089 961 4174 accipiens
984 4089 1124 4154 reditum
1147 4109 1240 4154 suum
1259 4089 1387 4154 inchoa·

454 4205 466 4216 “
671 4203 680 4220 ⁶
803 4211 821 4249 *

310 4318 321 4369 l
342 4315 377 4372 So
395 4315 442 4371 die
460 4315 593 4371 frdheren
611 4333 698 4386 anag..
718 4315 822 4372 andere
839 4315 931 4371 lesen:
949 4313 1132 4371 Helinandus.
