3172 4958
746 301 787 364 67

185 470 340 558 judicium
363 474 411 535 cst
432 471 661 538 sesecundum
684 473 828 558 regulam
850 472 1054 558 Hypocratis,
1077 497 1148 540 cum
1171 475 1338 540 adhaeren·

190 578 234 646 tis
257 567 374 643 doloris
397 599 461 642 non
484 578 661 662 percipitur
683 599 787 657 eausa,
812 600 901 643 mens
925 578 1064 644 letaliter
1086 601 1161 644 mox
1179 580 1340 663 judicetur

190 685 320 767 aegrota.
365 680 417 746 Sic
450 702 526 766 ergo
559 683 670 749 livoris
700 684 814 748 vitium
846 684 1035 768 possessoris
1069 684 1119 750 sui
1152 685 1340 752 continuum

189 792 239 852 est
253 791 458 854 tormentum.
489 787 610 854 Verum
625 811 696 854 cum
711 788 806 853 odisti
819 788 995 854 invidentia
1011 789 1189 873 quempiam
1208 794 1337 874 propter

164 893 319 971 ebenum,
339 892 407 976 jam
422 893 644 978 principaliter
666 893 765 978 ipsius
787 891 889 957 hostis
913 915 945 957 es
968 893 1054 970 boni,
1077 894 1227 978 quoniam
1251 896 1353 978 cujus,

188 996 296 1082 gratia
310 1000 358 1062 est
368 998 614 1081 unumquodque
631 1001 665 1062 et
687 998 766 1062 illud
786 997 897 1080 magis.
938 994 999 1062 Sed
1014 1018 1085 1061 cum
1100 997 1204 1080 ipsum
1219 997 1339 1062 bonum

188 1100 234 1166 sit
255 1099 357 1180 Deus,
388 1123 489 1185 aquo
512 1105 676 1186 tamquam
698 1122 796 1167 avsuo
818 1101 907 1166 fonto
930 1101 1082 1167 bonitatis
1105 1124 1185 1168 vena
1206 1124 1340 1168 manans

92 1259 95 1264 ,
189 1204 223 1270 in
247 1206 355 1270 omnia
378 1206 466 1270 entia
488 1206 662 1285 derivatur,
694 1206 770 1272 hinc
792 1206 919 1291 quidem
942 1201 1158 1285 condiscitur,
1193 1207 1276 1289 quod
1302 1211 1339 1271 tn

188 1308 291 1374 hostis
314 1310 389 1376 boni
404 1333 437 1375 ss
460 1313 493 1376 et
508 1311 557 1376 tui
574 1311 673 1396 ipsius
686 1334 722 1376 ac
743 1313 885 1377 omnium
910 1311 1067 1376 inimicus.
1113 1313 1162 1377 Ac
1183 1333 1255 1377 cum
1270 1333 1338 1376 ma·

149 1438 175 1475 10
188 1414 261 1480 litia
277 1414 413 1481 bonitati
436 1416 479 1480 sit
494 1417 662 1496 contraria,
686 1420 807 1502 quanta
828 1421 860 1482 te
876 1416 1060 1501 depravavit
1074 1416 1269 1503 malignitas,
1288 1417 1355 1491 cui„

189 1524 259 1584 tota
273 1519 613 1588 bonitssestadversa!
637 1521 755 1588 Verum
775 1542 846 1587 cum
866 1521 1054 1588 naturaliter
1072 1521 1187 1586 similia
1208 1542 1338 1605 qumque
1415 1553 1429 1570 ·

189 1623 347 1690 similibus
370 1625 574 1704 delectentur,
598 1626 668 1692 ride
683 1627 855 1711 cujusmodi
877 1649 920 1706 es,
943 1627 999 1710 qui
1020 1629 1209 1710 tempestate
1232 1647 1268 1690 ac
1290 1629 1339 1690 te-

188 1729 297 1797 nebris
311 1728 440 1814 gaudes.
485 1730 558 1797 Nisi
573 1733 659 1798 enirn
675 1733 767 1798 corde
782 1732 912 1798 nubilus
928 1731 1163 1816 etprocellosua
1179 1732 1337 1811 existeres,

189 1855 390 1918 nequaquam
413 1839 446 1900 te
467 1837 546 1902 talia
568 1837 769 1903 delectarent.
816 1837 912 1903 Livor
943 1837 1043 1922 igitur
1073 1836 1208 1901 internae
1236 1835 1339 1900 turbi-

150 1959 176 1998 ιο
190 1939 240 2002 nis
259 1939 367 2024 gravis
390 1944 559 2026 tempestas
582 1947 640 2022 est,
664 1942 718 2007 sed
741 1964 812 2026 oum
835 1943 954 2026 absque
969 1933 1205 2026 tranquillitate
1220 1963 1256 2006 ec
1270 1939 1340 2006 luce
1363 1985 1370 2016 :

189 2042 312 2108 nullum
337 2049 476 2134 putetur
500 2047 636 2126 bonum,
668 2047 743 2113 hinc
774 2053 805 2112 te
834 2068 968 2132 agnosce
992 2047 1058 2130 jam
1082 2047 1170 2111 omni
1192 2045 1338 2111 bonitate

189 2147 366 2230 privatum,
398 2151 474 2234 quia
499 2151 569 2234 paci
592 2155 624 2216 et
654 2151 767 2217 lumini
796 2157 863 2216 tam
886 2150 1046 2216 hostiliter
1069 2173 1102 2216 es
1125 2152 1283 2228 adversus,
1307 2155 1340 2215 et

190 2252 245 2330 sic,
268 2254 500 2332 cuminvideas,
525 2277 564 2320 ne
587 2257 706 2322 bonum
721 2260 812 2321 tuum
828 2255 923 2320 altius
938 2256 1184 2335 commendetur,
1208 2253 1338 2338 inspice,

189 2377 286 2436 caeoe,
321 2360 405 2444 quod
440 2381 496 2443 per
525 2360 657 2424 livorem
692 2360 791 2425 cidem
823 2359 1005 2444 oppositum
1034 2359 1095 2424 tibi
1129 2359 1337 2442 contingeret.

149 2485 176 2523 aa
191 2459 375 2530 Obscurasti
398 2467 435 2530 tu
457 2466 524 2549 ipsc
547 2465 608 2530 tibi
633 2465 785 2530 bonitatis
807 2465 978 2544 influxum,
1012 2463 1173 2529 contraria
1202 2483 1339 2546 namque

191 2588 224 2632 se
246 2566 378 2652 fugiunt
400 2590 457 2634 nec
480 2590 513 2633 se
535 2569 650 2634 alicubi
673 2569 809 2635 invicem
832 2570 1008 2652 patiuntur.
1040 2566 1195 2631 Attamen
1210 2566 1238 2630 si
1253 2588 1338 2631 com·

190 2693 286 2738 mune
308 2671 427 2740 bonurn
449 2673 643 2759 intelligeres
665 2678 698 2738 et
720 2673 754 2737 in
777 2675 846 2738 visu
869 2673 995 2758 privato
1017 2671 1077 2737 hoc
1088 2671 1192 2755 ipsum
1208 2671 1241 2734 in
1257 2691 1338 2736 uno·

191 2797 316 2861 quoque
331 2777 501 2863 benignius
516 2778 687 2857 adamarus,
715 2783 818 2852 totum
834 2779 952 2844 bonum
969 2783 1059 2843 tuum
1075 2776 1225 2840 existeret
1240 2778 1272 2840 et
1290 2778 1338 2840 te·

190 2901 262 2948 cum
282 2883 389 2948 omnia
404 2882 588 2965 possideres.
635 2881 796 2948 Nimirum
812 2883 962 2948 dilectum
985 2883 1112 2959 bonum,
1130 2902 1193 2966 quo
1208 2880 1336 2966 gaudes,

151 3007 178 3046 aa
191 2988 283 3049 tuum
306 2991 363 3050 est.
408 2985 495 3051 Pone
517 3008 611 3073 ergo,
647 2987 823 3065 carissime,
853 2987 985 3052 lividum
1009 2987 1134 3051 oculum
1157 2990 1190 3050 et
1211 2986 1338 3050 amittes
1443 3017 1446 3026 ·

153 3087 158 3097 ’
191 3092 395 3154 tormentum.
442 3089 494 3155 Sic
515 3091 600 3156 enim
622 3093 777 3177 scriptum
799 3095 862 3157 est:
895 3091 923 3154 si
953 3090 1061 3155 oculus
1084 3094 1158 3154 tuus
1182 3089 1338 3154 scandali-

190 3197 242 3258 zat
263 3197 306 3273 te,
329 3216 402 3260 erue
423 3215 494 3259 eum
518 3198 550 3260 et
572 3195 688 3279 projice
711 3195 824 3260 abste.
871 3193 954 3259 Nem
968 3197 1000 3258 et
1014 3193 1110 3276 talpae
1126 3194 1238 3258 melius
1256 3193 1340 3256 foret

191 3298 226 3363 in
248 3298 371 3382 pupille
394 3319 458 3362 non
473 3297 589 3362 habere
611 3299 809 3375 contuitum,
833 3302 1001 3382 postquam
1024 3296 1136 3360 dilexit
1158 3297 1336 3362 obscurum.

192 3399 244 3466 Sic
265 3401 375 3486 hyena
397 3403 505 3468 oculus
529 3403 755 3488 ingeminatur,
780 3405 833 3486 qui
849 3403 1079 3486 compassivum
1098 3401 1211 3465 coloris
1233 3405 1338 3465 muta-

154 3530 181 3568 ao
195 3505 281 3570 tione
295 3506 329 3569 in
352 3507 494 3572 caritatis
517 3507 694 3592 exemplum
710 3507 794 3592 gerit
808 3508 964 3571 affectum.
1010 3503 1131 3581 Quibus
1146 3505 1193 3572 sic
1208 3504 1338 3591 digestis

195 3611 332 3677 recessit

529 3825 683 3889 Contra
705 3823 996 3888 infamatores.

447 3995 503 4061 De
526 3995 715 4063 columba
738 4001 778 4063 et
799 3997 909 4075 luto,
933 4017 1000 4081 cap.
1026 3996 1076 4061 30.

277 4137 438 4217 Columba,
461 4138 591 4223 pannuli
607 4138 700 4224 bysso
723 4159 778 4202 ceu
802 4137 971 4202 nrtilantia
993 4133 1126 4199 Veneris
1149 4134 1259 4216 operta
1280 4152 1337 4214 per

148 4264 174 4306 aa
189 4247 304 4324 totum,
333 4267 457 4311 sursum
473 4246 590 4330 sparsis
606 4245 720 4330 pennis
732 4243 967 4331 gemmantibus
980 4241 1089 4320 oculis,
1102 4240 1228 4304 incessu
1237 4239 1338 4326 gravi,

189 4349 269 4436 pede
283 4349 405 4434 implici
420 4349 914 4435 alisqueoollectisadaquarium
926 4347 1101 4426 incedebat,
1113 4343 1173 4489 ped
1189 4365 1259 4410 cum
1276 4365 1339 4410 coe·

1084 4453 1104 4517 t
