3172 4958
717 335 757 401 41

155 509 279 593 jecore,
311 506 517 592 mitigatoriis
539 506 591 572 bis
613 507 746 573 vallavit
775 506 968 572 moderatrix
1003 511 1127 574 natura.
1180 505 1311 592 Apertis

160 614 287 700 quidem
310 612 409 678 oeulis
431 611 550 678 dormit
571 614 671 696 lepus,
695 612 771 696 quia
792 613 847 696 qui
870 612 962 676 corde
984 617 1032 678 est
1051 613 1193 690 timidus,
1216 634 1312 698 super

159 721 227 805 ejus
249 717 424 786 custodiam
447 739 570 802 semper
580 717 736 802 vigilante
753 717 936 801 prudentia,
951 716 1087 782 vallatus
1104 717 1228 783 timoris
1243 718 1309 782 acie

158 823 330 909 requiescit
350 843 477 888 securus
502 822 607 888 Gallia
630 823 746 888 bullus.
792 821 843 887 Sie
875 843 929 887 cor
957 822 1087 906 parvius
1116 821 1308 888 naturaliter

132 934 211 994 aest
232 929 267 994 in
284 929 400 1014 vigore,
422 927 607 1013 virtuteque
629 928 761 994 collecta
783 949 839 1012 per
862 927 978 992 fortius
1001 927 1147 1012 amplius,
1171 931 1204 992 et
1226 927 1309 1012 quod

159 1047 209 1098 est
231 1033 393 1118 grandius,
417 1033 530 1098 minus.
579 1033 735 1099 Audacior
758 1037 856 1098 nauta
881 1030 960 1098 facit
982 1033 1186 1118 naufragium
1208 1035 1241 1097 et
1264 1033 1307 1096 ti·

157 1159 301 1203 morosus
323 1138 427 1202 salvus
457 1139 545 1204 venit
576 1139 616 1203 ad
638 1142 774 1224 portum.
828 1136 1037 1213 Quamobrem
1060 1139 1170 1203 beatus
1199 1137 1304 1215 homo,

157 1243 214 1327 qui
237 1263 360 1327 semper
382 1247 431 1308 est
453 1243 602 1327 pavidus,
631 1243 781 1327 quoniam
803 1243 842 1307 ad
866 1243 1000 1308 salutem
1024 1243 1121 1308 timor
1144 1242 1237 1307 rebus
1259 1242 1307 1306 vi-

158 1348 306 1413 ventibus
328 1351 376 1412 est
398 1347 551 1432 provisus.
597 1349 665 1426 Quo
692 1349 777 1414 dicto
803 1347 904 1413 audax
928 1370 1026 1433 equus
1048 1351 1118 1414 toto
1139 1346 1209 1413 lnso
1232 1369 1305 1413 san-

114 1454 258 1540 1oguine
280 1453 454 1518 exstinctus
476 1458 536 1520 eet.

199 1662 355 1730 Contra
378 1665 602 1750 superbos,
626 1665 695 1749 qui
718 1666 869 1731 volunt
890 1663 1150 1750 aequiparari
1175 1663 1265 1730 Deo.

298 1838 351 1904 De
374 1839 514 1920 simia,
538 1861 682 1919 corvo,
706 1845 852 1921 nauta,
875 1842 1020 1924 vulpe,
1043 1862 1109 1926 cap.
1135 1845 1164 1906 6.

248 1978 377 2066 Agilem
400 1985 530 2046 nautam
559 1981 732 2065 inspiciens
755 1983 848 2048 simia
878 1983 911 2046 in
934 1981 1053 2047 malum
1081 1979 1230 2044 velociter
1251 1977 1306 2043 ad·
1371 2023 1375 2032 -

159 2083 372 2164 scendentem,
396 2105 468 2149 curn
491 2107 565 2150 mox
587 2085 742 2151 niteretur
764 2086 923 2163 insimile,
951 2085 983 2150 id
1006 2105 1117 2149 corvus
1140 2082 1307 2147 attendens

117 2207 144 2246 1⁵
162 2189 361 2254 consiliarius
385 2190 467 2254 dixit
489 2191 533 2256 ei:
555 2195 606 2255 sta
620 2191 653 2256 in
671 2191 739 2256 loco
756 2194 821 2269 tuo,
846 2190 1016 2267 carissima,
1040 2211 1080 2253 na
1096 2189 1130 2253 in
1145 2188 1307 2273 regionem

160 2297 343 2358 extraneam
384 2295 505 2360 elevata
544 2297 633 2381 gravi
673 2297 814 2380 eorporis
846 2296 940 2360 ruina
966 2295 1121 2377 depereas.
1176 2292 1223 2356 At
1253 2293 1308 2356 illa

158 2397 263 2462 verbis
296 2396 430 2482 denique
460 2401 574 2482 spretis
607 2400 817 2465 conscendens
851 2399 961 2464 statim
984 2397 1212 2484 profunditatis
1235 2396 1308 2460 altae

158 2501 303 2566 contuitu
326 2502 438 2567 debilis
461 2504 581 2569 cerebri
604 2503 834 2589 imaginatione
857 2502 988 2568 confusa
1016 2503 1082 2566 ruit
1111 2499 1243 2565 inferius
1275 2503 1307 2564 et

158 2606 278 2671 cervice
306 2605 407 2672 fracta
438 2629 602 2691 nunquam
633 2609 671 2673 de
701 2612 813 2673 caetero
844 2607 966 2672 vultum
1000 2605 1106 2690 potuit
1129 2604 1249 2669 elevare
1272 2605 1305 2668 in

116 2731 144 2769 ου
158 2709 282 2776 eoelnm.
328 2709 474 2796 Denique
495 2733 631 2798 pergens
652 2735 723 2778 cum
746 2733 852 2797 regem
884 2712 918 2774 in
942 2710 1021 2775 solio
1044 2709 1205 2774 sedentem
1228 2732 1304 2794 pur·

158 2818 309 2899 puratum
332 2816 470 2897 vidisset,
494 2817 590 2901 coepit
612 2818 652 2882 ad
675 2817 778 2882 simile
800 2837 923 2900 cupere,
947 2816 999 2879 sed
1022 2816 1151 2880 absente
1170 2817 1305 2899 patrono

159 2921 249 3004 quasi
278 2920 426 3005 princeps
456 2923 538 2987 alter
569 2923 601 2988 in
631 2923 748 2988 throno
779 2922 928 2987 consedit.
975 2919 1034 2985 Sed
1062 2921 1123 2986 hoc
1154 2919 1305 2984 nimirum

158 3026 225 3089 viso
247 3025 414 3108 vulpecula
436 3029 524 3092 venit
546 3029 585 3094 ad
607 3029 723 3094 solium
745 3032 778 3092 et
800 3028 938 3092 salutato
961 3025 1133 3109 sophistico
1154 3046 1228 3110 rege
1243 3027 1304 3088 mi-

159 3129 261 3192 nistra
283 3131 413 3213 provida
436 3133 554 3200 ironice
577 3133 736 3218 flagitavit
758 3133 953 3198 mandatum.
1000 3132 1057 3198 Cui
1089 3132 1181 3196 simia
1203 3131 1303 3195 dixit:

116 3253 143 3290 no
158 3234 217 3298 hoe
239 3239 345 3300 tamen
370 3239 528 3324 praeoipio,
552 3239 626 3304 laeta
648 3239 781 3326 gloriam
798 3259 898 3304 cerne.
938 3237 984 3302 At
1000 3239 1071 3302 illa:
1094 3257 1214 3322 egoque
1229 3257 1303 3300 con-

157 3339 227 3403 sulo
258 3361 351 3416 sane,
384 3341 459 3408 hinc
483 3366 577 3428 quam
606 3344 669 3409 cito
692 3343 852 3408 descende.
899 3343 987 3421 Quod
1018 3365 1088 3407 cum
1117 3341 1304 3426 negligeret,

154 3465 243 3508 vanae
273 3445 491 3512 similitudinis
525 3448 687 3513 sitibunda
717 3447 826 3512 statim
860 3446 932 3511 inde
955 3447 1094 3530 projecta
1120 3449 1167 3510 est
1182 3444 1318 3511 caninis¹

155 3548 304 3613 dentibus
327 3550 500 3618 laceranda.
548 3555 638 3619 Tunc
660 3555 700 3619 ad
722 3573 755 3618 se
778 3575 903 3618 reversa
925 3553 1087 3618 doloribus
1110 3551 1233 3635 inquit:
1259 3572 1304 3616 vae

155 3653 245 3730 mihi,
269 3655 344 3738 quia
358 3659 462 3739 sprevi
475 3661 606 3724 consilia
621 3660 818 3743 sapientum!
843 3657 1029 3724 Nesciebam
1054 3657 1147 3742 quod,
1171 3656 1225 3722 ubi
1238 3677 1301 3720 non

112 3775 140 3812 ³⁰
155 3762 203 3822 est
227 3759 405 3837 consilium,
432 3761 519 3826 deest
541 3763 634 3828 salus.
684 3763 760 3840 Quae
783 3785 858 3829 cum
880 3765 1020 3829 audisset
1041 3762 1162 3846 vulpes,
1186 3781 1301 3844 appro-

154 3863 325 3949 pinquavit
346 3869 378 3928 et
400 3863 498 3931 dixit:
529 3891 549 3932 a
573 3868 670 3944 modo¹
690 3868 808 3952 quippe
838 3873 869 3934 te
892 3869 982 3935 video
1004 3869 1168 3932 vexatione
1197 3865 1304 3930 seriani

153 3971 374 4048 restauratam,
392 3973 475 4064 qnpd
485 3971 652 4038 dilectione
668 3973 787 4038 iaciens
802 3975 847 4040 sic
862 3995 1002 4060 arguam.
1029 3973 1075 4038 Ut
1090 3973 1165 4056 quid
1183 3971 1303 4036 eaeteris

153 4074 346 4140 animalibus
370 4075 448 4142 Adae
470 4083 593 4144 naturae
616 4079 766 4163 subjectis
791 4084 826 4145 tu
849 4080 916 4144 sola
935 4080 1048 4166 jugum
1070 4098 1236 4142 commune
1250 4075 1303 4139 iu·

153 4179 245 4265 giens
268 4181 368 4246 eidem
391 4182 547 4268 parificari
572 4185 720 4248 conaris?
752 4181 801 4248 Ae
824 4184 881 4249 illa
901 4184 1080 4268 respondit:
1104 4185 1210 4246 movet
1232 4181 1303 4263 qui-

112 4299 140 4338 no
154 4285 277 4349 ‹lemad
294 4285 354 4350 hoc
369 4287 481 4352 innata
502 4287 625 4373 cupido.
662 4285 779 4352 Nonne
801 4289 923 4353 cunetis
945 4289 1048 4353 brutis
1071 4287 1211 4352 humano
1233 4307 1302 4351 cor·

155 4389 226 4474 pori
248 4411 318 4456 snm
342 4391 498 4476 plasmate
520 4391 735 4458 conformior?
766 4390 855 4458 Tunc
885 4390 996 4478 vulpes
1019 4411 1157 4478 arguens
1179 4393 1303 4475 iuquit:
