<?xml version="1.0" encoding="UTF-8"?>
<!DOCTYPE html PUBLIC "-//W3C//DTD XHTML 1.0 Transitional//EN"
    "http://www.w3.org/TR/xhtml1/DTD/xhtml1-transitional.dtd">
<html xmlns="http://www.w3.org/1999/xhtml" xml:lang="en" lang="en">
 <head>
  <title>
</title>
<meta http-equiv="Content-Type" content="text/html;charset=utf-8" />
  <meta name='ocr-system' content='tesseract 3.04.00' />
  <meta name='ocr-capabilities' content='ocr_page ocr_carea ocr_par ocr_line ocrx_word'/>
</head>
<body>
  <div class='ocr_page' id='page_1' title='image "./zweiredenankais02sleigoog/zweiredenankais02sleigoog_0638.png"; bbox 0 0 3172 4958; ppageno 0'>
   <div class='ocr_carea' id='block_1_1' title="bbox 703 360 744 424">
    <p class='ocr_par' dir='ltr' id='par_1_1' title="bbox 703 360 744 424">
     <span class='ocr_line' id='line_1_1' title="bbox 703 360 744 424; baseline 0.024 -1"><span class='ocrx_word' id='word_1_1' title='bbox 703 360 744 424; x_wconf 77' lang='lat'><strong>35</strong></span> 
     </span>
    </p>
   </div>
   <div class='ocr_carea' id='block_1_2' title="bbox 125 528 1302 1118">
    <p class='ocr_par' dir='ltr' id='par_1_2' title="bbox 151 528 1302 932">
     <span class='ocr_line' id='line_1_2' title="bbox 151 528 1301 615; baseline 0.007 -22"><span class='ocrx_word' id='word_1_2' title='bbox 151 530 299 594; x_wconf 83' lang='lat' dir='ltr'><strong>volvitur.</strong></span> <span class='ocrx_word' id='word_1_3' title='bbox 344 528 589 596; x_wconf 75' lang='lat' dir='ltr'><strong>vicissitudines</strong></span> <span class='ocrx_word' id='word_1_4' title='bbox 617 534 795 615; x_wconf 88' lang='lat' dir='ltr'><strong>temporum</strong></span> <span class='ocrx_word' id='word_1_5' title='bbox 827 533 860 594; x_wconf 88' lang='lat' dir='ltr'><strong>ct</strong></span> <span class='ocrx_word' id='word_1_6' title='bbox 889 536 998 610; x_wconf 76' lang='lat' dir='ltr'><strong>aetates</strong></span> <span class='ocrx_word' id='word_1_7' title='bbox 1030 533 1235 600; x_wconf 70' lang='lat' dir='ltr'><strong>uniformiter</strong></span> <span class='ocrx_word' id='word_1_8' title='bbox 1268 557 1301 600; x_wconf 89' lang='lat' dir='ltr'><strong>se</strong></span> 
     </span>
     <span class='ocr_line' id='line_1_3' title="bbox 151 635 1301 720; baseline 0.004 -21"><span class='ocrx_word' id='word_1_9' title='bbox 151 639 338 718; x_wconf 86' lang='lat' dir='ltr'><strong>sequnntur,</strong></span> <span class='ocrx_word' id='word_1_10' title='bbox 362 635 512 719; x_wconf 88' lang='lat' dir='ltr'><strong>quoniam</strong></span> <span class='ocrx_word' id='word_1_11' title='bbox 534 635 677 701; x_wconf 78' lang='lat' dir='ltr'><strong>melodia</strong></span> <span class='ocrx_word' id='word_1_12' title='bbox 699 657 792 720; x_wconf 89' lang='lat' dir='ltr'><strong>sapor</strong></span> <span class='ocrx_word' id='word_1_13' title='bbox 814 639 847 700; x_wconf 89' lang='lat' dir='ltr'><strong>et</strong></span> <span class='ocrx_word' id='word_1_14' title='bbox 869 637 955 702; x_wconf 91' lang='lat' dir='ltr'><strong>nitor</strong></span> <span class='ocrx_word' id='word_1_15' title='bbox 979 636 1137 705; x_wconf 76' lang='lat' dir='ltr'><strong>facundia</strong></span> <span class='ocrx_word' id='word_1_16' title='bbox 1159 661 1251 706; x_wconf 87' lang='lat' dir='ltr'><strong>aures</strong></span> <span class='ocrx_word' id='word_1_17' title='bbox 1273 640 1301 704; x_wconf 90' lang='lat' dir='ltr'><strong>si</strong></span> 
     </span>
     <span class='ocr_line' id='line_1_4' title="bbox 152 739 1300 828; baseline 0.006 -26"><span class='ocrx_word' id='word_1_18' title='bbox 152 739 322 816; x_wconf 74' lang='lat' dir='ltr'>mulceant,</span> <span class='ocrx_word' id='word_1_19' title='bbox 346 743 453 804; x_wconf 88' lang='lat' dir='ltr'><strong>temen</strong></span> <span class='ocrx_word' id='word_1_20' title='bbox 476 740 698 805; x_wconf 89' lang='lat' dir='ltr'><strong>sinedecentis</strong></span> <span class='ocrx_word' id='word_1_21' title='bbox 720 740 907 806; x_wconf 88' lang='lat' dir='ltr'><strong>stabilitatis</strong></span> <span class='ocrx_word' id='word_1_22' title='bbox 929 742 1212 828; x_wconf 86' lang='lat' dir='ltr'><strong>correspondentia</strong></span> <span class='ocrx_word' id='word_1_23' title='bbox 1229 766 1300 808; x_wconf 89' lang='lat' dir='ltr'><strong>scn-</strong></span> 
     </span>
     <span class='ocr_line' id='line_1_5' title="bbox 151 843 1302 932; baseline 0.005 -24"><span class='ocrx_word' id='word_1_24' title='bbox 151 865 222 908; x_wconf 86' lang='lat' dir='ltr'><strong>sum</strong></span> <span class='ocrx_word' id='word_1_25' title='bbox 245 844 359 908; x_wconf 85' lang='lat' dir='ltr'><strong>animae</strong></span> <span class='ocrx_word' id='word_1_26' title='bbox 380 865 445 910; x_wconf 91' lang='lat' dir='ltr'><strong>non</strong></span> <span class='ocrx_word' id='word_1_27' title='bbox 469 844 635 909; x_wconf 87' lang='lat' dir='ltr'><strong>delectant.</strong></span> <span class='ocrx_word' id='word_1_28' title='bbox 681 843 733 909; x_wconf 82' lang='lat' dir='ltr'><strong>Sic</strong></span> <span class='ocrx_word' id='word_1_29' title='bbox 755 845 856 923; x_wconf 79' lang='lat' dir='ltr'><strong>igitur</strong></span> <span class='ocrx_word' id='word_1_30' title='bbox 878 845 960 910; x_wconf 87' lang='lat' dir='ltr'><strong>nihil</strong></span> <span class='ocrx_word' id='word_1_31' title='bbox 982 847 1127 932; x_wconf 75' lang='lat' dir='ltr'><strong>sapiente</strong></span> <span class='ocrx_word' id='word_1_32' title='bbox 1152 848 1302 914; x_wconf 87' lang='lat' dir='ltr'><strong>mobilius</strong></span> 
     </span>
    </p>

    <p class='ocr_par' dir='ltr' id='par_1_3' title="bbox 125 947 1302 1118">
     <span class='ocr_line' id='line_1_6' title="bbox 125 947 1302 1027; baseline 0.003 -15"><span class='ocrx_word' id='word_1_33' title='bbox 125 967 190 1012; x_wconf 67' lang='lat' dir='ltr'><strong>sex</strong></span> <span class='ocrx_word' id='word_1_34' title='bbox 214 949 317 1027; x_wconf 86' lang='lat' dir='ltr'><strong>malis,</strong></span> <span class='ocrx_word' id='word_1_35' title='bbox 340 947 422 1012; x_wconf 92' lang='lat' dir='ltr'><strong>nihil</strong></span> <span class='ocrx_word' id='word_1_36' title='bbox 445 969 482 1013; x_wconf 90' lang='lat' dir='ltr'><strong>ec</strong></span> <span class='ocrx_word' id='word_1_37' title='bbox 505 947 651 1014; x_wconf 89' lang='lat' dir='ltr'><strong>stabilius</strong></span> <span class='ocrx_word' id='word_1_38' title='bbox 673 949 707 1012; x_wconf 91' lang='lat' dir='ltr'><strong>in</strong></span> <span class='ocrx_word' id='word_1_39' title='bbox 722 947 832 1014; x_wconf 84' lang='lat' dir='ltr'><strong>bonis.</strong></span> <span class='ocrx_word' id='word_1_40' title='bbox 878 947 999 1024; x_wconf 80' lang='lat' dir='ltr'><strong>Quibus</strong></span> <span class='ocrx_word' id='word_1_41' title='bbox 1022 951 1171 1018; x_wconf 87' lang='lat' dir='ltr'><strong>diffinitis</strong></span> <span class='ocrx_word' id='word_1_42' title='bbox 1190 953 1302 1018; x_wconf 84' lang='lat' dir='ltr'><strong>termi-</strong></span> 
     </span>
     <span class='ocr_line' id='line_1_7' title="bbox 152 1052 371 1118; baseline -0.005 -1"><span class='ocrx_word' id='word_1_43' title='bbox 152 1056 230 1117; x_wconf 90' lang='lat' dir='ltr'><strong>nata</strong></span> <span class='ocrx_word' id='word_1_44' title='bbox 251 1056 300 1118; x_wconf 87' lang='lat' dir='ltr'><strong>est</strong></span> <span class='ocrx_word' id='word_1_45' title='bbox 322 1052 371 1118; x_wconf 89' lang='lat' dir='ltr'><strong>lis.</strong></span> 
     </span>
    </p>
   </div>
   <div class='ocr_carea' id='block_1_3' title="bbox 67 1261 1301 1351">
    <p class='ocr_par' dir='ltr' id='par_1_4' title="bbox 67 1261 1301 1351">
     <span class='ocr_line' id='line_1_8' title="bbox 67 1261 1301 1351; baseline 0.003 -25"><span class='ocrx_word' id='word_1_46' title='bbox 67 1319 70 1326; x_wconf 93' lang='lat'><em>.</em></span> <span class='ocrx_word' id='word_1_47' title='bbox 152 1261 198 1327; x_wconf 91' lang='lat' dir='ltr'><strong>In</strong></span> <span class='ocrx_word' id='word_1_48' title='bbox 222 1261 327 1328; x_wconf 91' lang='lat' dir='ltr'><strong>bono</strong></span> <span class='ocrx_word' id='word_1_49' title='bbox 349 1261 513 1326; x_wconf 89' lang='lat' dir='ltr'><strong>nomine</strong></span> <span class='ocrx_word' id='word_1_50' title='bbox 534 1261 744 1328; x_wconf 87' lang='lat' dir='ltr'><strong>virtutum</strong></span> <span class='ocrx_word' id='word_1_51' title='bbox 768 1265 1177 1348; x_wconf 87' lang='lat' dir='ltr'><strong>tetragonosemper</strong></span> <span class='ocrx_word' id='word_1_52' title='bbox 1198 1265 1301 1351; x_wconf 85' lang='lat' dir='ltr'><strong>rige.</strong></span> 
     </span>
    </p>
   </div>
   <div class='ocr_carea' id='block_1_4' title="bbox 362 1435 1092 1520">
    <p class='ocr_par' dir='ltr' id='par_1_5' title="bbox 362 1435 1092 1520">
     <span class='ocr_line' id='line_1_9' title="bbox 362 1435 1092 1520; baseline 0.003 -20"><span class='ocrx_word' id='word_1_53' title='bbox 362 1435 418 1502; x_wconf 91' lang='lat' dir='ltr'><strong>De</strong></span> <span class='ocrx_word' id='word_1_54' title='bbox 439 1436 585 1515; x_wconf 89' lang='lat' dir='ltr'><strong>lauro,</strong></span> <span class='ocrx_word' id='word_1_55' title='bbox 609 1436 748 1515; x_wconf 86' lang='lat' dir='ltr'><strong>oliva,</strong></span> <span class='ocrx_word' id='word_1_56' title='bbox 772 1436 925 1520; x_wconf 86' lang='lat' dir='ltr'><strong>palma,</strong></span> <span class='ocrx_word' id='word_1_57' title='bbox 948 1457 1014 1519; x_wconf 91' lang='lat' dir='ltr'><strong>cap.</strong></span> <span class='ocrx_word' id='word_1_58' title='bbox 1041 1440 1092 1502; x_wconf 81' lang='lat'><strong>27.</strong></span> 
     </span>
    </p>
   </div>
   <div class='ocr_carea' id='block_1_5' title="bbox 111 1575 1303 4486">
    <p class='ocr_par' dir='ltr' id='par_1_6' title="bbox 111 1575 1303 4486">
     <span class='ocr_line' id='line_1_10' title="bbox 240 1575 1302 1661; baseline 0.003 -21"><span class='ocrx_word' id='word_1_59' title='bbox 240 1575 328 1641; x_wconf 85' lang='lat' dir='ltr'><strong>Inter</strong></span> <span class='ocrx_word' id='word_1_60' title='bbox 350 1575 493 1653; x_wconf 81' lang='lat' dir='ltr'><strong>laurum,</strong></span> <span class='ocrx_word' id='word_1_61' title='bbox 518 1575 653 1654; x_wconf 86' lang='lat' dir='ltr'><strong>olivam,</strong></span> <span class='ocrx_word' id='word_1_62' title='bbox 677 1575 845 1661; x_wconf 90' lang='lat' dir='ltr'><strong>aranginm</strong></span> <span class='ocrx_word' id='word_1_63' title='bbox 868 1577 963 1660; x_wconf 88' lang='lat' dir='ltr'><strong>atque</strong></span> <span class='ocrx_word' id='word_1_64' title='bbox 986 1575 1125 1660; x_wconf 90' lang='lat' dir='ltr'><strong>palmam</strong></span> <span class='ocrx_word' id='word_1_65' title='bbox 1148 1576 1225 1643; x_wconf 88' lang='lat' dir='ltr'><strong>licus</strong></span> <span class='ocrx_word' id='word_1_66' title='bbox 1248 1599 1302 1644; x_wconf 87' lang='lat' dir='ltr'><strong>ax·</strong></span> 
     </span>
     <span class='ocr_line' id='line_1_11' title="bbox 115 1679 1303 1768; baseline 0.002 -22"><span class='ocrx_word' id='word_1_67' title='bbox 115 1701 141 1738; x_wconf 83' lang='lat'><strong>10</strong></span> <span class='ocrx_word' id='word_1_68' title='bbox 154 1685 227 1746; x_wconf 88' lang='lat' dir='ltr'><strong>orta</strong></span> <span class='ocrx_word' id='word_1_69' title='bbox 249 1703 319 1746; x_wconf 89' lang='lat' dir='ltr'><strong>cum</strong></span> <span class='ocrx_word' id='word_1_70' title='bbox 353 1680 538 1746; x_wconf 88' lang='lat' dir='ltr'><strong>succedente</strong></span> <span class='ocrx_word' id='word_1_71' title='bbox 569 1680 682 1766; x_wconf 86' lang='lat' dir='ltr'><strong>hyeme</strong></span> <span class='ocrx_word' id='word_1_72' title='bbox 710 1680 775 1744; x_wconf 92' lang='lat' dir='ltr'><strong>illis</strong></span> <span class='ocrx_word' id='word_1_73' title='bbox 805 1679 900 1745; x_wconf 90' lang='lat' dir='ltr'><strong>solita</strong></span> <span class='ocrx_word' id='word_1_74' title='bbox 929 1680 1090 1747; x_wconf 77' lang='lat' dir='ltr'><strong>viriditate</strong></span> <span class='ocrx_word' id='word_1_75' title='bbox 1120 1681 1303 1768; x_wconf 86' lang='lat' dir='ltr'><strong>vigentibus</strong></span> 
     </span>
     <span class='ocr_line' id='line_1_12' title="bbox 152 1784 1303 1870; baseline 0.001 -20"><span class='ocrx_word' id='word_1_76' title='bbox 152 1787 218 1850; x_wconf 89' lang='lat' dir='ltr'><strong>suis</strong></span> <span class='ocrx_word' id='word_1_77' title='bbox 241 1787 309 1869; x_wconf 92' lang='lat' dir='ltr'><strong>ipsa</strong></span> <span class='ocrx_word' id='word_1_78' title='bbox 331 1784 418 1852; x_wconf 90' lang='lat' dir='ltr'><strong>foliis</strong></span> <span class='ocrx_word' id='word_1_79' title='bbox 440 1785 528 1851; x_wconf 85' lang='lat' dir='ltr'><strong>velut</strong></span> <span class='ocrx_word' id='word_1_80' title='bbox 550 1786 639 1851; x_wconf 90' lang='lat' dir='ltr'><strong>arida</strong></span> <span class='ocrx_word' id='word_1_81' title='bbox 661 1785 843 1864; x_wconf 80' lang='lat' dir='ltr'><strong>nudaretur,</strong></span> <span class='ocrx_word' id='word_1_82' title='bbox 868 1807 933 1850; x_wconf 91' lang='lat' dir='ltr'><strong>non</strong></span> <span class='ocrx_word' id='word_1_83' title='bbox 955 1786 1061 1851; x_wconf 90' lang='lat' dir='ltr'><strong>minus</strong></span> <span class='ocrx_word' id='word_1_84' title='bbox 1084 1786 1211 1870; x_wconf 85' lang='lat' dir='ltr'><strong>quidem</strong></span> <span class='ocrx_word' id='word_1_85' title='bbox 1229 1806 1303 1852; x_wconf 87' lang='lat' dir='ltr'><strong>mox</strong></span> 
     </span>
     <span class='ocr_line' id='line_1_13' title="bbox 151 1889 1302 1975; baseline 0.002 -21"><span class='ocrx_word' id='word_1_86' title='bbox 151 1889 283 1955; x_wconf 87' lang='lat' dir='ltr'><strong>confusa</strong></span> <span class='ocrx_word' id='word_1_87' title='bbox 306 1911 401 1974; x_wconf 90' lang='lat' dir='ltr'><strong>quam</strong></span> <span class='ocrx_word' id='word_1_88' title='bbox 429 1890 528 1954; x_wconf 86' lang='lat' dir='ltr'><strong>livide</strong></span> <span class='ocrx_word' id='word_1_89' title='bbox 557 1890 671 1956; x_wconf 86' lang='lat' dir='ltr'><strong>vicinis</strong></span> <span class='ocrx_word' id='word_1_90' title='bbox 703 1893 786 1954; x_wconf 90' lang='lat' dir='ltr'><strong>tetro</strong></span> <span class='ocrx_word' id='word_1_91' title='bbox 817 1890 908 1954; x_wconf 90' lang='lat' dir='ltr'><strong>vultu</strong></span> <span class='ocrx_word' id='word_1_92' title='bbox 939 1890 1103 1973; x_wconf 90' lang='lat' dir='ltr'><strong>querulam</strong></span> <span class='ocrx_word' id='word_1_93' title='bbox 1135 1892 1302 1975; x_wconf 91' lang='lat' dir='ltr'><strong>proposuit</strong></span> 
     </span>
     <span class='ocr_line' id='line_1_14' title="bbox 151 1983 1300 2078; baseline 0.003 -20"><span class='ocrx_word' id='word_1_94' title='bbox 151 1995 373 2078; x_wconf 84' lang='lat' dir='ltr'><strong>quaestionem:</strong></span> <span class='ocrx_word' id='word_1_95' title='bbox 396 1997 433 2059; x_wconf 91' lang='lat' dir='ltr'><strong>ut</strong></span> <span class='ocrx_word' id='word_1_96' title='bbox 456 1995 531 2078; x_wconf 87' lang='lat' dir='ltr'><strong>qnid</strong></span> <span class='ocrx_word' id='word_1_97' title='bbox 555 2015 678 2078; x_wconf 85' lang='lat' dir='ltr'><strong>semper</strong></span> <span class='ocrx_word' id='word_1_98' title='bbox 701 1993 815 2058; x_wconf 90' lang='lat' dir='ltr'><strong>viridia</strong></span> <span class='ocrx_word' id='word_1_99' title='bbox 830 1993 908 2058; x_wconf 91' lang='lat' dir='ltr'><strong>l&#39;olia</strong></span> <span class='ocrx_word' id='word_1_100' title='bbox 923 1994 1069 2059; x_wconf 90' lang='lat' dir='ltr'><strong>retinetis</strong></span> <span class='ocrx_word' id='word_1_101' title='bbox 1093 1983 1300 2061; x_wconf 82' lang='lat' dir='ltr'><strong>ettransacto</strong></span> 
     </span>
     <span class='ocr_line' id='line_1_15' title="bbox 151 2096 1300 2182; baseline 0.003 -20"><span class='ocrx_word' id='word_1_102' title='bbox 151 2097 260 2164; x_wconf 84' lang='lat' dir='ltr'><strong>fructu</strong></span> <span class='ocrx_word' id='word_1_103' title='bbox 291 2097 419 2164; x_wconf 85' lang='lat' dir='ltr'><strong>frondes</strong></span> <span class='ocrx_word' id='word_1_104' title='bbox 450 2099 580 2164; x_wconf 88' lang='lat' dir='ltr'><strong>inutiles</strong></span> <span class='ocrx_word' id='word_1_105' title='bbox 610 2099 676 2182; x_wconf 88' lang='lat' dir='ltr'><strong>jam</strong></span> <span class='ocrx_word' id='word_1_106' title='bbox 709 2097 846 2162; x_wconf 77' lang='lat' dir='ltr'><strong>fovetis?</strong></span> <span class='ocrx_word' id='word_1_107' title='bbox 884 2096 971 2163; x_wconf 90' lang='lat' dir='ltr'><strong>Num</strong></span> <span class='ocrx_word' id='word_1_108' title='bbox 999 2098 1082 2165; x_wconf 82' lang='lat' dir='ltr'><strong>forte</strong></span> <span class='ocrx_word' id='word_1_109' title='bbox 1111 2100 1300 2166; x_wconf 89' lang='lat' dir='ltr'><strong>umbrabilis</strong></span> 
     </span>
     <span class='ocr_line' id='line_1_16' title="bbox 112 2201 1302 2287; baseline 0.008 -25"><span class='ocrx_word' id='word_1_110' title='bbox 112 2203 339 2286; x_wconf 71' lang='lat' dir='ltr'><strong>suppurantia</strong></span> <span class='ocrx_word' id='word_1_111' title='bbox 361 2202 536 2287; x_wconf 85' lang='lat' dir='ltr'><strong>complacet</strong></span> <span class='ocrx_word' id='word_1_112' title='bbox 567 2206 600 2267; x_wconf 92' lang='lat' dir='ltr'><strong>et</strong></span> <span class='ocrx_word' id='word_1_113' title='bbox 622 2205 729 2286; x_wconf 89' lang='lat' dir='ltr'><strong>spreta</strong></span> <span class='ocrx_word' id='word_1_114' title='bbox 752 2201 931 2266; x_wconf 87' lang='lat' dir='ltr'><strong>substantia</strong></span> <span class='ocrx_word' id='word_1_115' title='bbox 953 2207 1060 2268; x_wconf 82' lang='lat' dir='ltr'><strong>cortex</strong></span> <span class='ocrx_word' id='word_1_116' title='bbox 1083 2204 1224 2270; x_wconf 76' lang='lat' dir='ltr'><strong>mulcet?</strong></span> <span class='ocrx_word' id='word_1_117' title='bbox 1256 2205 1302 2272; x_wconf 80' lang='lat' dir='ltr'><strong>at</strong></span> 
     </span>
     <span class='ocr_line' id='line_1_17' title="bbox 152 2306 1301 2394; baseline 0.003 -22"><span class='ocrx_word' id='word_1_118' title='bbox 152 2307 217 2372; x_wconf 79' lang='lat' dir='ltr'><strong>illac</strong></span> <span class='ocrx_word' id='word_1_119' title='bbox 241 2307 399 2390; x_wconf 90' lang='lat' dir='ltr'><strong>pruritum</strong></span> <span class='ocrx_word' id='word_1_120' title='bbox 422 2306 605 2372; x_wconf 83' lang='lat' dir='ltr'><strong>invidentioe</strong></span> <span class='ocrx_word' id='word_1_121' title='bbox 628 2307 800 2372; x_wconf 83' lang='lat' dir='ltr'><strong>sentientes</strong></span> <span class='ocrx_word' id='word_1_122' title='bbox 823 2307 947 2391; x_wconf 89' lang='lat' dir='ltr'><strong>spinam</strong></span> <span class='ocrx_word' id='word_1_123' title='bbox 971 2308 1061 2372; x_wconf 83' lang='lat' dir='ltr'><strong>verbi</strong></span> <span class='ocrx_word' id='word_1_124' title='bbox 1083 2309 1148 2373; x_wconf 89' lang='lat' dir='ltr'><strong>risu</strong></span> <span class='ocrx_word' id='word_1_125' title='bbox 1175 2310 1301 2394; x_wconf 88' lang='lat' dir='ltr'><strong>patien-</strong></span> 
     </span>
     <span class='ocr_line' id='line_1_18' title="bbox 152 2412 1298 2498; baseline 0.002 -20"><span class='ocrx_word' id='word_1_126' title='bbox 152 2413 206 2478; x_wconf 79' lang='lat' dir='ltr'><strong>tiae</strong></span> <span class='ocrx_word' id='word_1_127' title='bbox 229 2412 461 2498; x_wconf 86' lang='lat' dir='ltr'><strong>confregerunt.</strong></span> <span class='ocrx_word' id='word_1_128' title='bbox 515 2412 657 2477; x_wconf 83' lang='lat' dir='ltr'><strong>Tandem</strong></span> <span class='ocrx_word' id='word_1_129' title='bbox 688 2413 789 2498; x_wconf 88' lang='lat' dir='ltr'><strong>igitur</strong></span> <span class='ocrx_word' id='word_1_130' title='bbox 818 2413 859 2477; x_wconf 88' lang='lat' dir='ltr'><strong>ad</strong></span> <span class='ocrx_word' id='word_1_131' title='bbox 893 2412 1058 2477; x_wconf 83' lang='lat' dir='ltr'><strong>veritatem</strong></span> <span class='ocrx_word' id='word_1_132' title='bbox 1094 2412 1298 2496; x_wconf 90' lang='lat' dir='ltr'><strong>loquentibus</strong></span> 
     </span>
     <span class='ocr_line' id='line_1_19' title="bbox 151 2517 1299 2604; baseline 0.002 -21"><span class='ocrx_word' id='word_1_133' title='bbox 151 2519 218 2584; x_wconf 88' lang='lat' dir='ltr'><strong>illis</strong></span> <span class='ocrx_word' id='word_1_134' title='bbox 240 2519 343 2603; x_wconf 87' lang='lat' dir='ltr'><strong>prima</strong></span> <span class='ocrx_word' id='word_1_135' title='bbox 364 2517 529 2602; x_wconf 90' lang='lat' dir='ltr'><strong>respondit</strong></span> <span class='ocrx_word' id='word_1_136' title='bbox 551 2518 675 2582; x_wconf 88' lang='lat' dir='ltr'><strong>laurus:</strong></span> <span class='ocrx_word' id='word_1_137' title='bbox 707 2538 765 2604; x_wconf 91' lang='lat' dir='ltr'><strong>ego</strong></span> <span class='ocrx_word' id='word_1_138' title='bbox 795 2517 922 2601; x_wconf 91' lang='lat' dir='ltr'><strong>quidem</strong></span> <span class='ocrx_word' id='word_1_139' title='bbox 951 2518 1168 2601; x_wconf 73' lang='lat' dir='ltr'><strong>complexione</strong></span> <span class='ocrx_word' id='word_1_140' title='bbox 1186 2519 1299 2602; x_wconf 88' lang='lat' dir='ltr'><strong>juvata</strong></span> 
     </span>
     <span class='ocr_line' id='line_1_20' title="bbox 152 2620 1301 2708; baseline 0.002 -20"><span class='ocrx_word' id='word_1_141' title='bbox 152 2623 294 2688; x_wconf 84' lang='lat' dir='ltr'><strong>concalui</strong></span> <span class='ocrx_word' id='word_1_142' title='bbox 324 2626 356 2686; x_wconf 90' lang='lat' dir='ltr'><strong>et</strong></span> <span class='ocrx_word' id='word_1_143' title='bbox 388 2622 504 2688; x_wconf 90' lang='lat' dir='ltr'><strong>idcirco</strong></span> <span class='ocrx_word' id='word_1_144' title='bbox 537 2620 716 2708; x_wconf 79' lang='lat' dir='ltr'><strong>frigiditate</strong></span> <span class='ocrx_word' id='word_1_145' title='bbox 746 2621 872 2706; x_wconf 91' lang='lat' dir='ltr'><strong>repulsa</strong></span> <span class='ocrx_word' id='word_1_146' title='bbox 905 2621 938 2686; x_wconf 91' lang='lat' dir='ltr'><strong>in</strong></span> <span class='ocrx_word' id='word_1_147' title='bbox 968 2643 1018 2686; x_wconf 90' lang='lat' dir='ltr'><strong>me</strong></span> <span class='ocrx_word' id='word_1_148' title='bbox 1040 2621 1154 2688; x_wconf 84' lang='lat' dir='ltr'><strong>folium</strong></span> <span class='ocrx_word' id='word_1_149' title='bbox 1177 2645 1301 2708; x_wconf 87' lang='lat' dir='ltr'><strong>semper</strong></span> 
     </span>
     <span class='ocr_line' id='line_1_21' title="bbox 112 2725 1299 2814; baseline 0.003 -24"><span class='ocrx_word' id='word_1_150' title='bbox 112 2745 139 2784; x_wconf 78' lang='lat' dir='ltr'><strong>ac</strong></span> <span class='ocrx_word' id='word_1_151' title='bbox 153 2727 241 2791; x_wconf 80' lang='lat' dir='ltr'><strong>vivit.</strong></span> <span class='ocrx_word' id='word_1_152' title='bbox 287 2725 378 2793; x_wconf 85' lang='lat' dir='ltr'><strong>Tunc</strong></span> <span class='ocrx_word' id='word_1_153' title='bbox 399 2727 484 2791; x_wconf 85' lang='lat' dir='ltr'><strong>oliva</strong></span> <span class='ocrx_word' id='word_1_154' title='bbox 505 2726 687 2810; x_wconf 85' lang='lat' dir='ltr'><strong>subjunxit:</strong></span> <span class='ocrx_word' id='word_1_155' title='bbox 721 2725 873 2791; x_wconf 90' lang='lat' dir='ltr'><strong>nimirum</strong></span> <span class='ocrx_word' id='word_1_156' title='bbox 897 2727 930 2790; x_wconf 93' lang='lat' dir='ltr'><strong>in</strong></span> <span class='ocrx_word' id='word_1_157' title='bbox 954 2748 1004 2792; x_wconf 90' lang='lat' dir='ltr'><strong>me</strong></span> <span class='ocrx_word' id='word_1_158' title='bbox 1027 2727 1142 2792; x_wconf 89' lang='lat' dir='ltr'><strong>humor</strong></span> <span class='ocrx_word' id='word_1_159' title='bbox 1164 2728 1299 2814; x_wconf 89' lang='lat' dir='ltr'><strong>pingue-</strong></span> 
     </span>
     <span class='ocr_line' id='line_1_22' title="bbox 152 2831 1299 2916; baseline 0.002 -20"><span class='ocrx_word' id='word_1_160' title='bbox 152 2831 237 2896; x_wconf 88' lang='lat' dir='ltr'><strong>dinis</strong></span> <span class='ocrx_word' id='word_1_161' title='bbox 259 2831 475 2915; x_wconf 83' lang='lat' dir='ltr'><strong>supercrescit,</strong></span> <span class='ocrx_word' id='word_1_162' title='bbox 500 2853 562 2916; x_wconf 95' lang='lat' dir='ltr'><strong>quo</strong></span> <span class='ocrx_word' id='word_1_163' title='bbox 585 2831 747 2896; x_wconf 86' lang='lat' dir='ltr'><strong>exundans</strong></span> <span class='ocrx_word' id='word_1_164' title='bbox 763 2831 853 2896; x_wconf 80' lang='lat' dir='ltr'><strong>radix</strong></span> <span class='ocrx_word' id='word_1_165' title='bbox 865 2853 937 2896; x_wconf 90' lang='lat' dir='ltr'><strong>suas</strong></span> <span class='ocrx_word' id='word_1_166' title='bbox 955 2831 990 2896; x_wconf 90' lang='lat' dir='ltr'><strong>in</strong></span> <span class='ocrx_word' id='word_1_167' title='bbox 1005 2835 1195 2916; x_wconf 86' lang='lat' dir='ltr'><strong>perpetuum</strong></span> <span class='ocrx_word' id='word_1_168' title='bbox 1210 2833 1299 2899; x_wconf 86' lang='lat' dir='ltr'><strong>fron·</strong></span> 
     </span>
     <span class='ocr_line' id='line_1_23' title="bbox 152 2935 1300 3021; baseline 0.002 -20"><span class='ocrx_word' id='word_1_169' title='bbox 152 2937 207 3002; x_wconf 89' lang='lat' dir='ltr'><strong>des</strong></span> <span class='ocrx_word' id='word_1_170' title='bbox 230 2937 342 3001; x_wconf 89' lang='lat' dir='ltr'><strong>nutrit.</strong></span> <span class='ocrx_word' id='word_1_171' title='bbox 388 2935 463 3002; x_wconf 85' lang='lat' dir='ltr'><strong>Mox</strong></span> <span class='ocrx_word' id='word_1_172' title='bbox 487 2935 636 3021; x_wconf 89' lang='lat' dir='ltr'><strong>arangius</strong></span> <span class='ocrx_word' id='word_1_173' title='bbox 658 2937 779 3020; x_wconf 87' lang='lat' dir='ltr'><strong>inquit:</strong></span> <span class='ocrx_word' id='word_1_174' title='bbox 805 2936 934 3002; x_wconf 91' lang='lat' dir='ltr'><strong>solidior</strong></span> <span class='ocrx_word' id='word_1_175' title='bbox 957 2957 1095 3020; x_wconf 88' lang='lat' dir='ltr'><strong>namque</strong></span> <span class='ocrx_word' id='word_1_176' title='bbox 1116 2937 1300 3004; x_wconf 90' lang='lat' dir='ltr'><strong>substantia</strong></span> 
     </span>
     <span class='ocr_line' id='line_1_24' title="bbox 151 3041 1295 3127; baseline 0.002 -21"><span class='ocrx_word' id='word_1_177' title='bbox 151 3063 202 3106; x_wconf 89' lang='lat' dir='ltr'><strong>me</strong></span> <span class='ocrx_word' id='word_1_178' title='bbox 226 3042 397 3124; x_wconf 78' lang='lat' dir='ltr'><strong>componit,</strong></span> <span class='ocrx_word' id='word_1_179' title='bbox 419 3041 503 3105; x_wconf 90' lang='lat' dir='ltr'><strong>unde</strong></span> <span class='ocrx_word' id='word_1_180' title='bbox 526 3041 558 3105; x_wconf 91' lang='lat' dir='ltr'><strong>in</strong></span> <span class='ocrx_word' id='word_1_181' title='bbox 582 3063 632 3106; x_wconf 91' lang='lat' dir='ltr'><strong>me</strong></span> <span class='ocrx_word' id='word_1_182' title='bbox 656 3042 734 3106; x_wconf 88' lang='lat' dir='ltr'><strong>bene</strong></span> <span class='ocrx_word' id='word_1_183' title='bbox 750 3045 838 3106; x_wconf 88' lang='lat' dir='ltr'><strong>tenta</strong></span> <span class='ocrx_word' id='word_1_184' title='bbox 852 3041 998 3106; x_wconf 84' lang='lat' dir='ltr'><strong>viriditas</strong></span> <span class='ocrx_word' id='word_1_185' title='bbox 1014 3063 1187 3125; x_wconf 81' lang='lat' dir='ltr'><strong>numquam</strong></span> <span class='ocrx_word' id='word_1_186' title='bbox 1203 3043 1295 3127; x_wconf 88' lang='lat' dir='ltr'><strong>perit.</strong></span> 
     </span>
     <span class='ocr_line' id='line_1_25' title="bbox 151 3145 1301 3234; baseline 0 -23"><span class='ocrx_word' id='word_1_187' title='bbox 151 3145 204 3212; x_wconf 84' lang='lat' dir='ltr'><strong>Sic</strong></span> <span class='ocrx_word' id='word_1_188' title='bbox 227 3150 259 3209; x_wconf 89' lang='lat' dir='ltr'><strong>et</strong></span> <span class='ocrx_word' id='word_1_189' title='bbox 281 3146 387 3229; x_wconf 91' lang='lat' dir='ltr'><strong>palma</strong></span> <span class='ocrx_word' id='word_1_190' title='bbox 409 3145 548 3211; x_wconf 87' lang='lat' dir='ltr'><strong>finaliter</strong></span> <span class='ocrx_word' id='word_1_191' title='bbox 571 3146 707 3212; x_wconf 89' lang='lat' dir='ltr'><strong>addidit:</strong></span> <span class='ocrx_word' id='word_1_192' title='bbox 741 3148 776 3212; x_wconf 93' lang='lat' dir='ltr'><strong>in</strong></span> <span class='ocrx_word' id='word_1_193' title='bbox 807 3169 857 3212; x_wconf 90' lang='lat' dir='ltr'><strong>me</strong></span> <span class='ocrx_word' id='word_1_194' title='bbox 889 3147 1016 3232; x_wconf 89' lang='lat' dir='ltr'><strong>quidem</strong></span> <span class='ocrx_word' id='word_1_195' title='bbox 1039 3145 1152 3211; x_wconf 90' lang='lat' dir='ltr'><strong>folium</strong></span> <span class='ocrx_word' id='word_1_196' title='bbox 1175 3149 1301 3234; x_wconf 82' lang='lat' dir='ltr'><strong>exaruit</strong></span> 
     </span>
     <span class='ocr_line' id='line_1_26' title="bbox 112 3250 1303 3336; baseline 0.001 -21"><span class='ocrx_word' id='word_1_197' title='bbox 112 3269 138 3308; x_wconf 67' lang='grc' dir='ltr'><strong><em>π</em></strong></span> <span class='ocrx_word' id='word_1_198' title='bbox 152 3273 333 3336; x_wconf 90' lang='lat' dir='ltr'><strong>nunquam,</strong></span> <span class='ocrx_word' id='word_1_199' title='bbox 363 3251 511 3334; x_wconf 91' lang='lat' dir='ltr'><strong>quoniam</strong></span> <span class='ocrx_word' id='word_1_200' title='bbox 535 3250 716 3334; x_wconf 89' lang='lat' dir='ltr'><strong>hujusmodi</strong></span> <span class='ocrx_word' id='word_1_201' title='bbox 753 3253 949 3317; x_wconf 88' lang='lat' dir='ltr'><strong>moderatum</strong></span> <span class='ocrx_word' id='word_1_202' title='bbox 979 3251 1165 3336; x_wconf 78' lang='lat' dir='ltr'><strong>germinari.</strong></span> <span class='ocrx_word' id='word_1_203' title='bbox 1224 3251 1303 3316; x_wconf 92' lang='lat' dir='ltr'><strong>Post</strong></span> 
     </span>
     <span class='ocr_line' id='line_1_27' title="bbox 152 3354 1299 3441; baseline -0.001 -21"><span class='ocrx_word' id='word_1_204' title='bbox 152 3356 211 3420; x_wconf 92' lang='lat' dir='ltr'><strong>hoc</strong></span> <span class='ocrx_word' id='word_1_205' title='bbox 233 3359 338 3420; x_wconf 83' lang='lat' dir='ltr'><strong>autam</strong></span> <span class='ocrx_word' id='word_1_206' title='bbox 359 3354 467 3420; x_wconf 88' lang='lat' dir='ltr'><strong>laurus</strong></span> <span class='ocrx_word' id='word_1_207' title='bbox 497 3356 564 3421; x_wconf 89' lang='lat' dir='ltr'><strong>vice</strong></span> <span class='ocrx_word' id='word_1_208' title='bbox 592 3360 735 3422; x_wconf 88' lang='lat' dir='ltr'><strong>omnium</strong></span> <span class='ocrx_word' id='word_1_209' title='bbox 767 3358 918 3441; x_wconf 85' lang='lat' dir='ltr'><strong>eloquens</strong></span> <span class='ocrx_word' id='word_1_210' title='bbox 947 3357 1044 3421; x_wconf 89' lang='lat' dir='ltr'><strong>dixit:</strong></span> <span class='ocrx_word' id='word_1_211' title='bbox 1075 3378 1139 3422; x_wconf 91' lang='lat' dir='ltr'><strong>non</strong></span> <span class='ocrx_word' id='word_1_212' title='bbox 1173 3356 1299 3434; x_wconf 80' lang='lat' dir='ltr'><strong>audisti,</strong></span> 
     </span>
     <span class='ocr_line' id='line_1_28' title="bbox 152 3459 1301 3545; baseline 0 -21"><span class='ocrx_word' id='word_1_213' title='bbox 152 3481 249 3544; x_wconf 88' lang='lat' dir='ltr'><strong>quare</strong></span> <span class='ocrx_word' id='word_1_214' title='bbox 272 3460 397 3543; x_wconf 85' lang='lat' dir='ltr'><strong>sapiens</strong></span> <span class='ocrx_word' id='word_1_215' title='bbox 420 3481 582 3543; x_wconf 92' lang='lat' dir='ltr'><strong>nunquam</strong></span> <span class='ocrx_word' id='word_1_216' title='bbox 607 3462 698 3545; x_wconf 93' lang='lat' dir='ltr'><strong>ponit</strong></span> <span class='ocrx_word' id='word_1_217' title='bbox 719 3461 797 3527; x_wconf 90' lang='lat' dir='ltr'><strong>clari</strong></span> <span class='ocrx_word' id='word_1_218' title='bbox 820 3461 960 3526; x_wconf 88' lang='lat' dir='ltr'><strong>nominis</strong></span> <span class='ocrx_word' id='word_1_219' title='bbox 986 3462 1211 3538; x_wconf 81' lang='lat' dir='ltr'><strong>venustatem?</strong></span> <span class='ocrx_word' id='word_1_220' title='bbox 1240 3459 1301 3524; x_wconf 91' lang='lat' dir='ltr'><strong>Ni·</strong></span> 
     </span>
     <span class='ocr_line' id='line_1_29' title="bbox 153 3563 1302 3652; baseline 0.003 -26"><span class='ocrx_word' id='word_1_221' title='bbox 153 3563 267 3627; x_wconf 90' lang='lat' dir='ltr'><strong>mirum</strong></span> <span class='ocrx_word' id='word_1_222' title='bbox 292 3565 365 3649; x_wconf 90' lang='lat' dir='ltr'><strong>quia</strong></span> <span class='ocrx_word' id='word_1_223' title='bbox 387 3564 532 3630; x_wconf 87' lang='lat' dir='ltr'><strong>claritate</strong></span> <span class='ocrx_word' id='word_1_224' title='bbox 556 3566 748 3650; x_wconf 72' lang='lat' dir='ltr'><strong>prudentia,</strong></span> <span class='ocrx_word' id='word_1_225' title='bbox 786 3566 935 3652; x_wconf 84' lang='lat' dir='ltr'><strong>largitate</strong></span> <span class='ocrx_word' id='word_1_226' title='bbox 963 3567 1117 3650; x_wconf 76' lang='lat' dir='ltr'><strong>justitie,</strong></span> <span class='ocrx_word' id='word_1_227' title='bbox 1148 3565 1302 3630; x_wconf 88' lang='lat' dir='ltr'><strong>firmitate</strong></span> 
     </span>
     <span class='ocr_line' id='line_1_30' title="bbox 153 3669 1301 3756; baseline 0.001 -22"><span class='ocrx_word' id='word_1_228' title='bbox 153 3670 348 3747; x_wconf 75' lang='lat' dir='ltr'><strong>constantiae,</strong></span> <span class='ocrx_word' id='word_1_229' title='bbox 371 3670 527 3754; x_wconf 87' lang='lat' dir='ltr'><strong>parcitate</strong></span> <span class='ocrx_word' id='word_1_230' title='bbox 550 3671 712 3735; x_wconf 87' lang='lat' dir='ltr'><strong>modestiae</strong></span> <span class='ocrx_word' id='word_1_231' title='bbox 734 3693 858 3756; x_wconf 87' lang='lat' dir='ltr'><strong>semper</strong></span> <span class='ocrx_word' id='word_1_232' title='bbox 880 3671 978 3756; x_wconf 84' lang='lat' dir='ltr'><strong>viget,</strong></span> <span class='ocrx_word' id='word_1_233' title='bbox 1001 3692 1034 3736; x_wconf 89' lang='lat' dir='ltr'><strong>se</strong></span> <span class='ocrx_word' id='word_1_234' title='bbox 1056 3671 1161 3754; x_wconf 90' lang='lat' dir='ltr'><strong>ipsum</strong></span> <span class='ocrx_word' id='word_1_235' title='bbox 1179 3669 1301 3755; x_wconf 81' lang='lat' dir='ltr'><strong>dirigit,</strong></span> 
     </span>
     <span class='ocr_line' id='line_1_31' title="bbox 111 3772 1299 3862; baseline 0.003 -26"><span class='ocrx_word' id='word_1_236' title='bbox 111 3793 138 3830; x_wconf 77' lang='lat'><strong>³0</strong></span> <span class='ocrx_word' id='word_1_237' title='bbox 152 3772 276 3837; x_wconf 91' lang='lat' dir='ltr'><strong>nullum</strong></span> <span class='ocrx_word' id='word_1_238' title='bbox 301 3773 394 3851; x_wconf 79' lang='lat' dir='ltr'><strong>ladit,</strong></span> <span class='ocrx_word' id='word_1_239' title='bbox 419 3772 451 3838; x_wconf 90' lang='lat' dir='ltr'><strong>in</strong></span> <span class='ocrx_word' id='word_1_240' title='bbox 476 3775 612 3840; x_wconf 86' lang='lat' dir='ltr'><strong>adversis</strong></span> <span class='ocrx_word' id='word_1_241' title='bbox 637 3797 700 3840; x_wconf 92' lang='lat' dir='ltr'><strong>non</strong></span> <span class='ocrx_word' id='word_1_242' title='bbox 725 3776 830 3840; x_wconf 88' lang='lat' dir='ltr'><strong>deficit</strong></span> <span class='ocrx_word' id='word_1_243' title='bbox 853 3779 884 3841; x_wconf 89' lang='lat' dir='ltr'><strong>et</strong></span> <span class='ocrx_word' id='word_1_244' title='bbox 908 3777 941 3840; x_wconf 92' lang='lat' dir='ltr'><strong>in</strong></span> <span class='ocrx_word' id='word_1_245' title='bbox 965 3776 1124 3862; x_wconf 88' lang='lat' dir='ltr'><strong>prosperis</strong></span> <span class='ocrx_word' id='word_1_246' title='bbox 1139 3797 1202 3840; x_wconf 90' lang='lat' dir='ltr'><strong>nou</strong></span> <span class='ocrx_word' id='word_1_247' title='bbox 1219 3777 1299 3841; x_wconf 89' lang='lat' dir='ltr'><strong>mol·</strong></span> 
     </span>
     <span class='ocr_line' id='line_1_32' title="bbox 151 3876 1300 3967; baseline 0.002 -25"><span class='ocrx_word' id='word_1_248' title='bbox 151 3876 251 3943; x_wconf 89' lang='lat' dir='ltr'><strong>lescit.</strong></span> <span class='ocrx_word' id='word_1_249' title='bbox 297 3877 401 3963; x_wconf 79' lang='lat' dir='ltr'><strong>Igitur</strong></span> <span class='ocrx_word' id='word_1_250' title='bbox 423 3879 473 3944; x_wconf 91' lang='lat' dir='ltr'><strong>his</strong></span> <span class='ocrx_word' id='word_1_251' title='bbox 495 3880 678 3960; x_wconf 84' lang='lat' dir='ltr'><strong>virtutibus,</strong></span> <span class='ocrx_word' id='word_1_252' title='bbox 702 3886 837 3967; x_wconf 90' lang='lat' dir='ltr'><strong>quatuor</strong></span> <span class='ocrx_word' id='word_1_253' title='bbox 860 3882 1005 3947; x_wconf 86' lang='lat' dir='ltr'><strong>anchoris</strong></span> <span class='ocrx_word' id='word_1_254' title='bbox 1028 3901 1093 3945; x_wconf 77' lang='lat' dir='ltr'><strong>sua</strong></span> <span class='ocrx_word' id='word_1_255' title='bbox 1116 3881 1241 3957; x_wconf 85' lang='lat' dir='ltr'><strong>mentis,</strong></span> <span class='ocrx_word' id='word_1_256' title='bbox 1265 3879 1300 3944; x_wconf 91' lang='lat' dir='ltr'><strong>in</strong></span> 
     </span>
     <span class='ocr_line' id='line_1_33' title="bbox 151 3984 1300 4071; baseline -0.001 -23"><span class='ocrx_word' id='word_1_257' title='bbox 151 3987 246 4066; x_wconf 89' lang='lat' dir='ltr'><strong>portu</strong></span> <span class='ocrx_word' id='word_1_258' title='bbox 268 3984 432 4066; x_wconf 73' lang='lat' dir='ltr'><strong>sapientias</strong></span> <span class='ocrx_word' id='word_1_259' title='bbox 455 3989 555 4050; x_wconf 88' lang='lat' dir='ltr'><strong>ratem</strong></span> <span class='ocrx_word' id='word_1_260' title='bbox 578 3985 664 4070; x_wconf 89' lang='lat' dir='ltr'><strong>figit;</strong></span> <span class='ocrx_word' id='word_1_261' title='bbox 697 3986 903 4071; x_wconf 88' lang='lat' dir='ltr'><strong>quamobrem</strong></span> <span class='ocrx_word' id='word_1_262' title='bbox 926 4007 1089 4070; x_wconf 89' lang='lat' dir='ltr'><strong>nunqnam</strong></span> <span class='ocrx_word' id='word_1_263' title='bbox 1112 4007 1183 4050; x_wconf 89' lang='lat' dir='ltr'><strong>eum</strong></span> <span class='ocrx_word' id='word_1_264' title='bbox 1206 4005 1300 4048; x_wconf 91' lang='lat' dir='ltr'><strong>mun·</strong></span> 
     </span>
     <span class='ocr_line' id='line_1_34' title="bbox 151 4087 1174 4174; baseline 0.001 -23"><span class='ocrx_word' id='word_1_265' title='bbox 151 4088 243 4153; x_wconf 84' lang='lat' dir='ltr'><strong>dialis</strong></span> <span class='ocrx_word' id='word_1_266' title='bbox 265 4087 379 4154; x_wconf 89' lang='lat' dir='ltr'><strong>fluctus</strong></span> <span class='ocrx_word' id='word_1_267' title='bbox 401 4091 599 4174; x_wconf 88' lang='lat' dir='ltr'><strong>tempestatis</strong></span> <span class='ocrx_word' id='word_1_268' title='bbox 622 4092 731 4158; x_wconf 90' lang='lat' dir='ltr'><strong>eludit.</strong></span> <span class='ocrx_word' id='word_1_269' title='bbox 779 4091 847 4168; x_wconf 82' lang='lat' dir='ltr'><strong>Quo</strong></span> <span class='ocrx_word' id='word_1_270' title='bbox 871 4093 954 4158; x_wconf 91' lang='lat' dir='ltr'><strong>dicto</strong></span> <span class='ocrx_word' id='word_1_271' title='bbox 978 4091 1174 4174; x_wconf 89' lang='lat' dir='ltr'><strong>quieverunt.</strong></span> 
     </span>
     <span class='ocr_line' id='line_1_35' title="bbox 239 4192 1301 4282; baseline 0.002 -26"><span class='ocrx_word' id='word_1_272' title='bbox 239 4192 380 4278; x_wconf 83' lang='lat' dir='ltr'><strong>Explicit</strong></span> <span class='ocrx_word' id='word_1_273' title='bbox 402 4195 482 4260; x_wconf 89' lang='lat' dir='ltr'><strong>liber</strong></span> <span class='ocrx_word' id='word_1_274' title='bbox 503 4195 625 4277; x_wconf 87' lang='lat' dir='ltr'><strong>primus</strong></span> <span class='ocrx_word' id='word_1_275' title='bbox 648 4195 875 4282; x_wconf 89' lang='lat' dir='ltr'><strong>quadripartiti</strong></span> <span class='ocrx_word' id='word_1_276' title='bbox 898 4195 1025 4280; x_wconf 90' lang='lat' dir='ltr'><strong>apologi</strong></span> <span class='ocrx_word' id='word_1_277' title='bbox 1042 4193 1145 4259; x_wconf 86' lang='lat' dir='ltr'><strong>Cirilli</strong></span> <span class='ocrx_word' id='word_1_278' title='bbox 1162 4193 1301 4278; x_wconf 88' lang='lat' dir='ltr'><strong>episcopi</strong></span> 
     </span>
     <span class='ocr_line' id='line_1_36' title="bbox 111 4299 541 4382; baseline 0.002 -19"><span class='ocrx_word' id='word_1_279' title='bbox 111 4311 137 4352; x_wconf 62' lang='grc' dir='ltr'><strong>δῦ</strong></span> <span class='ocrx_word' id='word_1_280' title='bbox 150 4301 263 4364; x_wconf 87' lang='lat' dir='ltr'><strong>contra</strong></span> <span class='ocrx_word' id='word_1_281' title='bbox 284 4299 541 4382; x_wconf 86' lang='lat' dir='ltr'><strong>imprudentiam.</strong></span> 
     </span>
     <span class='ocr_line' id='line_1_37' title="bbox 1043 4418 1092 4486; baseline 0 -27"><span class='ocrx_word' id='word_1_282' title='bbox 1043 4418 1092 4486; x_wconf 76' lang='lat'><strong>3*</strong></span> 
     </span>
    </p>
   </div>
   <div class='ocr_carea' id='block_1_6' title="bbox 0 0 1590 4958">
    <p class='ocr_par' dir='ltr' id='par_1_7' title="bbox 0 0 1590 4958">
     <span class='ocr_line' id='line_1_38' title="bbox 0 0 1590 4958; baseline 0 0"><span class='ocrx_word' id='word_1_283' title='bbox 0 0 1590 4958; x_wconf 95' lang='lat' dir='ltr'><strong> </strong></span> 
     </span>
    </p>
   </div>
  </div>
 </body>
</html>
