3172 4962
829 295 889 362 166

283 468 380 534 nibus
402 469 467 534 erui
490 468 636 553 prodesse
658 468 815 554 subjectis.
860 469 935 535 Non
964 471 1049 535 enim
1077 471 1208 554 juvenes
1240 470 1312 555 quis
1341 469 1440 558 eligit

283 574 387 648 duces,
412 595 477 638 non
499 574 586 638 enim
600 579 736 660 oportet,
760 595 796 639 eo
823 576 905 659 quod
929 580 1055 640 constat
1077 597 1141 640 non
1164 597 1230 641 esse
1252 575 1438 660 prudentes,

285 683 323 743 ut
344 679 461 743 dicitur
495 678 590 743 tertio
613 678 812 763 Topicorum.
859 677 916 742 Ait
946 677 1057 758 Plato,
1086 685 1163 745 tunc
1192 680 1276 746 enim
1306 681 1440 744 beatum

284 783 394 848 orbem
416 787 574 847 terrerum
596 784 673 861 fore,
696 805 766 848 cum
789 785 839 849 vel
862 785 1020 868 sapientes
1042 805 1174 869 regnare
1196 783 1246 850 vel
1268 805 1360 871 reges
1382 807 1439 850 aa·

257 905 359 972 opere
381 888 559 970 eoepissent.
605 885 694 953 Sicut
716 889 764 953 ait
785 888 931 954 Valerius
954 895 986 954 et
1009 887 1163 953 Boethius
1185 889 1224 954 de
1242 891 1393 955 consolat
1412 889 1438 970 ¹,

283 991 366 1058 libro
389 991 500 1075 primo.
548 991 640 1056 Unde
662 996 694 1056 et
716 1014 846 1058 aureum
875 993 1013 1058 seculum
1031 993 1203 1073 dicebatur,
1227 994 1353 1078 quando
1382 1015 1439 1062 sa·

284 1096 403 1180 pientis
435 1116 570 1179 regnum
592 1100 669 1162 erat.
728 1097 784 1160 Ait
819 1097 937 1164 Seneca
971 1100 1004 1162 et
1034 1098 1151 1164 dicitur
1180 1100 1214 1162 in
1246 1097 1438 1165 Policratico

284 1199 319 1264 L.
336 1199 404 1265 IV:
428 1199 589 1264 Romanos
605 1199 813 1284 imperatores
835 1207 890 1266 aut
914 1203 1017 1279 duces,
1040 1203 1116 1266 dum
1132 1225 1239 1268 eorum
1253 1205 1437 1288 respublica

285 1307 399 1392 viguit,
423 1327 486 1369 non
511 1305 641 1368 memini
664 1306 823 1371 exstitisse
847 1307 1024 1372 illiteratos.
1070 1307 1111 1372 Et
1133 1309 1254 1388 nescio,
1278 1310 1438 1393 quomodo

245 1443 271 1479 ro
284 1411 456 1496 contingit,
479 1431 517 1474 ex
540 1431 603 1492 quo
626 1409 658 1473 in
683 1410 880 1495 principibus
897 1413 1023 1496 languit
1038 1413 1138 1477 virtus
1162 1413 1351 1493 litterarum,
1375 1437 1439 1480 nec

285 1519 418 1592 mirum,
452 1538 524 1581 cnm
554 1515 623 1580 aine
644 1515 804 1598 sapientia
827 1537 890 1581 non
913 1517 997 1582 valet
1019 1522 1104 1582 stare
1126 1517 1331 1603 principatus.
1376 1519 1439 1584 Ait

285 1625 373 1690 enim
397 1622 505 1686 divina
527 1620 684 1704 sapientia
705 1619 853 1685 Proverb.
877 1619 994 1688 v1110:
1023 1644 1079 1706 per
1102 1645 1151 1687 me
1173 1644 1263 1708 reges
1286 1627 1435 1709 regnant.

285 1729 378 1794 Unde
410 1731 442 1791 et
468 1748 524 1791 rex
546 1724 763 1790 Romanorum
786 1725 933 1791 hortatus
956 1730 1004 1791 est
1026 1748 1132 1812 regem
1155 1727 1366 1806 Francorum,
1397 1731 1438 1792 ut

284 1835 367 1900 filios
380 1854 452 1897 suos
476 1829 661 1896 liberalibus
685 1830 861 1914 disciplinis
883 1831 999 1896 instrui
1015 1837 1208 1917 procuraret,
1232 1833 1353 1898 dicens:
1378 1853 1436 1896 rex

246 1964 272 2003 re
285 1939 456 2004 illiteratus
489 1939 536 2000 est
567 1934 657 2018 quasi
687 1935 795 1999 asinus
826 1938 1001 2000 coronatus.
1047 1936 1157 2001 Refert
1179 1935 1322 2002 Socrates
1352 1937 1437 2001 libro

285 2044 409 2121 ultimo,
433 2041 517 2126 qnod
539 2040 622 2124 apud
646 2041 814 2124 quamdam
837 2049 965 2124 gentem
988 2041 1108 2106 scilicet
1128 2043 1162 2106 in
1179 2042 1361 2125 Campaniae
1383 2043 1435 2106 in-

285 2149 355 2214 sula
385 2148 419 2210 iu
442 2147 527 2231 regis
558 2144 711 2210 electione
742 2166 806 2208 non
837 2145 988 2210 nobilitas
1017 2147 1169 2231 praevalet
1200 2147 1253 2210 sed
1281 2145 1437 2231 suffragia

285 2257 521 2328 universorum
547 2250 682 2336 populns
701 2250 785 2314 enim
800 2250 893 2333 eligit
907 2255 1056 2315 ornatum
1071 2251 1222 2329 moribus,
1246 2249 1435 2316 benevolum

285 2359 319 2423 in
340 2357 468 2439 justitia
490 2361 522 2421 et
545 2357 723 2432 clementia,
747 2355 840 2420 annis
863 2377 991 2440 gravem
1014 2360 1046 2420 et
1068 2357 1118 2422 cui
1141 2356 1222 2420 nulli
1239 2361 1314 2420 sunt
1329 2355 1434 2434 liberi,
1553 2379 1558 2393 ·

246 2485 272 2526 no
285 2466 342 2549 qui
363 2465 390 2528 ei
414 2464 448 2527 iu
470 2464 578 2547 aliquo
599 2466 728 2548 peccato
750 2465 914 2558 arguatur,
938 2467 1041 2527 morte
1063 2463 1228 2526 moriatur.

501 2635 557 2702 De
580 2640 676 2728 ruta
698 2640 737 2700 et
759 2635 1041 2715 animalibuS,
1066 2635 1140 2702 dial
1165 2637 1216 2700 26.

372 2777 476 2854 Ruta,
508 2781 545 2841 nt
576 2775 693 2841 dicitur
715 2776 753 2840 de
776 2775 949 2840 virtutibus
972 2775 1160 2855 herbarum,
1192 2775 1277 2839 inter
1305 2777 1434 2840 eceterae

285 2882 437 2959 virtutes,
462 2903 540 2964 quas
564 2880 679 2958 habet,
702 2880 786 2945 hanc
808 2880 842 2944 in
866 2901 899 2944 se
922 2881 1057 2959 retinet,
1088 2881 1163 2964 quia
1184 2880 1287 2944 bibita
1309 2880 1358 2943 vel
1380 2901 1435 2944 co-

285 2993 386 3052 mesta
409 2985 598 3050 mirabiliter
619 2985 810 3050 contradicit
832 3007 952 3050 veneno
975 2989 1008 3049 et
1030 2985 1177 3050 omnibus
1199 2983 1357 3049 morsibus
1380 2981 1434 3047 ve'-

246 3113 271 3152 ae
285 3091 423 3166 nenosis,
446 3111 517 3154 cum
540 3088 638 3153 fuerit
660 3091 799 3154 contrite
821 3111 892 3154 cum
907 3089 992 3166 allio,
1016 3091 1081 3154 sale
1096 3093 1128 3152 et
1143 3090 1285 3156 nucibus.
1331 3087 1434 3172 Prop-

285 3199 335 3260 ter
365 3195 448 3259 hanc
478 3195 648 3272 uirtutem,
681 3217 777 3278 quam
808 3199 920 3258 contra
951 3215 1104 3258 venenum
1135 3194 1251 3269 habet,
1282 3193 1436 3258 animalia

285 3303 400 3365 cuncta
422 3321 579 3364 venenosa
601 3303 817 3365 convenerunt
848 3299 944 3364 simul
975 3299 1014 3364 ad
1046 3299 1145 3384 ipsam
1171 3299 1325 3362 dicentes:
1357 3298 1436 3363 tolle

285 3409 317 3469 te
339 3404 377 3469 de
399 3404 520 3483 medic,
553 3405 770 3479 obsecramus,
799 3408 830 3468 et
852 3425 917 3468 non
941 3404 1138 3468 intromittas
1160 3408 1193 3466 te
1216 3403 1300 3467 inter
1321 3425 1380 3467 nos
1402 3407 1437 3467 et

285 3531 385 3596 genus
407 3508 599 3586 humanum,
624 3510 699 3592 quia
720 3508 822 3573 modis
845 3508 992 3572 omuibus
1014 3531 1135 3573 venena
1158 3513 1268 3572 nostra
1290 3507 1436 3592 cupimus

246 3615 442 3680 inseminare
472 3615 557 3679 inter
579 3614 722 3680 homines
746 3637 859 3698 eosque
882 3613 1001 3691 delere,
1024 3617 1153 3698 propter
1176 3613 1260 3696 quod
1282 3633 1340 3676 nos
1363 3633 1435 3696 per-

284 3725 462 3802 sequuntur
484 3724 516 3785 et
536 3725 688 3784 mactant.
734 3719 855 3794 Quibus
871 3724 960 3784 ruta:
983 3719 1205 3784 verbavestra
1227 3718 1339 3802 iniqua
1360 3721 1437 3782 sunt

284 3829 317 3889 et
348 3825 474 3901 dolosa,
505 3824 653 3889 devehis
683 3846 820 3908 namque
851 3825 967 3888 dicitur
996 3823 1112 3888 Psalm.
1136 3821 1250 3888 XlII⁰:
1279 3843 1436 3887 uenenum

284 3929 430 4012 aspidum
453 3928 513 3992 sub
528 3929 622 3994 labiis
638 3949 755 3993 eorum.
796 3928 942 4013 Maligni,
965 3951 1062 4012 quare
1085 3928 1228 3992 nitimini
1241 3927 1354 3992 delere
1376 3926 1435 3991 ho-

284 4035 423 4111 minem,
448 4055 540 4117 quem
565 4031 651 4098 Deus
674 4033 709 4096 in
731 4033 889 4118 principio
913 4033 1030 4098 creavit
1051 4036 1083 4097 et
1106 4033 1269 4096 dominum
1292 4031 1435 4097 omnium

246 4157 271 4196 ω
285 4116 475 4204 constituit?
509 4137 557 4204 Ex
581 4159 643 4220 qno
665 4137 750 4202 enim
775 4137 899 4215 dicitis,
930 4138 1013 4220 quod
1036 4158 1095 4222 ego
1117 4137 1218 4202 habeo
1241 4137 1380 4224 gratiam
1402 4143 1437 4206 et

846 4258 865 4300 e

354 4362 367 4416 1
387 4359 509 4417 Frilhere
527 4377 604 4432 ausg.
622 4361 778 4433 unrichtig:
797 4361 925 4418 consulis.
