3058 4946
768 267 829 330 102

216 445 450 520 indumentum,
474 445 506 506 ct
528 462 634 506 rasum
658 461 695 504 ex
719 439 905 524 praescripto
925 445 1030 525 caput,
1055 445 1088 506 et
1102 442 1373 527 gesticulationes,

216 549 477 624 ceremoniarum,
501 569 580 630 quas
596 546 635 610 ad
651 544 825 610 ludibrium
841 546 1046 632 excogitastis
1063 547 1134 630 ipsi,
1157 548 1268 632 plener,
1286 551 1374 615 tanti

216 659 293 720 sunt
316 653 494 718 momenti?
537 649 623 716 Nam
655 655 692 714 ut
719 673 828 716 omnes
857 652 997 735 undique
1027 673 1136 718 causas
1164 657 1370 739 conquiratis,

217 760 300 825 nihil
323 759 447 824 habetis
469 756 553 822 aliud
578 756 738 840 profecte,
773 757 856 840 quod
879 756 1009 839 possitis
1032 757 1209 824 obtrudere.
1256 758 1375 826 Sedet

216 865 282 930 haec
305 864 382 947 ipsa,
406 883 476 947 quae
498 865 605 926 tamen
622 861 782 925 levissime
797 865 872 925 sunt
887 866 919 926 et
934 862 1028 946 plane
1050 864 1231 948 nugatoria,
1255 866 1374 949 quibus

216 969 375 1035 inhaerent
396 990 433 1034 ac
455 968 544 1032 velut
568 966 764 1032 inaedificetee
786 971 861 1031 sunt
884 966 1093 1032 nihilominus
1117 973 1229 1034 vestrae
1248 991 1373 1052 possea·

218 1077 321 1141 aiones
342 1095 469 1152 omnes,
502 1072 727 1150 contemnitis,
758 1071 945 1156 vicariisque
967 1072 1100 1150 vestris,
1136 1073 1254 1140 infimae
1275 1075 1374 1140 sortis

217 1179 420 1257 hominibus,
451 1200 488 1242 ea
510 1177 747 1263 eomlmendatis
770 1181 803 1242 et
824 1177 1185 1262 obeundarelinquitis.
1231 1179 1297 1245 Vos
1318 1181 1372 1244 in-

217 1285 311 1350 terim
334 1284 381 1348 ita
403 1284 531 1362 vivitis,
564 1287 602 1348 ut
624 1283 685 1347 nisi
709 1283 826 1347 vestitu
849 1283 945 1348 aliam
967 1284 1371 1368 personamsustineretis,

218 1391 340 1456 nullam
362 1389 446 1453 inter
468 1409 523 1453 vos
544 1391 577 1452 et
599 1388 728 1452 lenones
751 1388 895 1452 futurum
918 1389 961 1452 sit
981 1387 1159 1452 discrimen.

219 1495 323 1574 Quid,
357 1515 432 1558 num
467 1492 659 1557 moderanda
691 1492 781 1556 vobis
816 1491 883 1557 haec
911 1493 1059 1558 videntur
1095 1497 1127 1557 et
1160 1494 1374 1580 corrigenda?
1420 1567 1425 1574 ,

219 1579 448 1665 Verumtamen
471 1596 563 1661 facile
586 1597 787 1683 colligimus,
822 1619 886 1662 non
918 1597 1063 1663 futurum
1086 1622 1105 1663 e
1129 1599 1218 1664 vohis
1241 1600 1374 1666 initium

220 1705 313 1788 hujus
337 1702 557 1780 correctionis,
587 1725 624 1767 ac
646 1703 819 1787 prudenter
841 1702 946 1768 facitis
971 1705 1003 1768 in
1028 1725 1095 1768 rem
1117 1707 1265 1770 vestram.
1311 1705 1374 1772 Sed

220 1808 295 1893 quid
319 1808 346 1872 si
369 1806 528 1870 vobiscum
553 1807 599 1870 ita
621 1806 863 1890 transigeretur,
887 1811 925 1870 ut
939 1830 984 1887 ea,
1008 1830 1078 1890 quoe
1094 1831 1179 1876 nune
1193 1810 1373 1893 possidetis,
1421 1834 1431 1847 ²

219 1935 284 1979 non
307 1912 521 1976 adimerentur
542 1911 649 1988 vobis,
680 1915 713 1976 et
735 1915 772 1975 ut
794 1934 848 1977 vos
872 1913 984 1977 deinde
1009 1915 1147 1980 vicissim
1170 1916 1374 1981 abstineretis

219 2041 238 2084 a
260 2016 541 2102 persecutionibus,
566 2039 629 2082 non
653 2017 848 2101 impediretis
870 2020 1027 2104 evangelii
1051 2043 1187 2098 cursum,
1211 2030 1243 2085 et
1264 2043 1302 2085 ex
1319 2021 1373 2086 his

220 2125 296 2208 ipsis
320 2121 525 2187 facultatibus
549 2123 716 2200 achonis,
749 2145 818 2205 quae
841 2128 916 2188 sunt
938 2126 1150 2209 amplissima,
1187 2126 1375 2191 decideretis

219 2233 337 2294 certam
359 2227 498 2312 aliquam
522 2231 554 2291 et
576 2228 763 2314 mediocrem
787 2229 966 2312 portionem
993 2230 1026 2296 in
1050 2230 1229 2296 scholarum
1252 2235 1284 2295 et
1306 2230 1373 2295 eol-

95 2337 99 2348 '
219 2335 376 2419 legiorum
391 2338 423 2397 et
438 2355 612 2418 pauperum
628 2337 660 2398 et
676 2333 813 2398 ecolesiae
829 2334 1047 2400 ministrorum
1064 2337 1256 2402 necessarios
1271 2338 1374 2400 usus?

786 2456 804 2496 ἡ*

220 2565 327 2628 mony,
352 2565 386 2609 so
409 2543 548 2629 krefftig,
573 2543 638 2608 und
660 2566 723 2608 von
746 2545 868 2610 solcher
883 2566 1008 2631 grosser
1023 2546 1213 2631 wirekung'?
1245 2545 1278 2610 Ir
1292 2545 1376 2612 habt

216 2653 251 2735 ja
281 2652 385 2716 nichts
416 2650 529 2714 andorn
559 2650 774 2735 heyzdsetzen.
821 2649 894 2716 Und
928 2651 1007 2717 eben
1040 2651 1222 2737 dasselbig,
1258 2651 1376 2716 welchs

220 2757 298 2821 doeh
321 2777 355 2820 so
378 2777 436 2840 gar
460 2755 546 2819 klein
570 2757 634 2820 und
655 2757 778 2841 gering,
802 2757 929 2822 darauff
941 2757 1086 2823 dennoeh
1101 2778 1180 2822 ewer
1197 2756 1289 2822 lehen
1305 2757 1373 2822 und

220 2861 296 2926 alles
319 2861 476 2946 gestifftet
505 2860 569 2938 ist,
602 2862 788 2926 verachtent
811 2862 860 2940 ir,
896 2863 1031 2928 lessents
1061 2884 1160 2927 ewere
1183 2860 1370 2946 Coppelliin,

220 2966 385 3044 Vinarien,
422 2967 487 3029 und
518 2965 633 3030 andere
664 2988 749 3030 arme
779 2966 922 3030 Teuffeln
956 2967 1153 3032 audriohten.
1199 2965 1233 3030 lr
1264 2966 1373 3032 ferent

220 3069 318 3134 frisch
343 3069 448 3147 daher,
474 3071 538 3134 und
561 3093 609 3135 wo
632 3071 711 3136 euch
734 3072 784 3136 die
807 3071 978 3157 kleidung,
1012 3095 1074 3138 von
1103 3073 1240 3137 anderen
1264 3074 1374 3137 leuten

221 3177 272 3240 nit
293 3175 480 3254 absondert,
504 3177 569 3240 und
592 3177 812 3256 audaeiehnet,
845 3178 949 3242 wltrdt
970 3199 1044 3244 men
1068 3177 1240 3264 cigentlieh
1263 3197 1373 3261 sagon,

221 3283 276 3347 das
300 3283 344 3346 ist
366 3282 417 3346 ein
441 3280 620 3347 weidlieher
642 3282 759 3348 brdder
782 3283 826 3347 im
850 3283 930 3361 ield,
964 3284 1016 3348 ein
1043 3285 1173 3349 stoltzer
1197 3283 1373 3362 Rttffianer,

221 3387 286 3452 und
309 3386 360 3451 ein
385 3385 473 3451 soloh
496 3407 659 3473 verwegen
683 3388 774 3454 stuck
804 3388 931 3467 fleiseh,
966 3389 1013 3454 elo
1044 3411 1119 3454 man
1150 3389 1247 3455 haum
1279 3389 1374 3454 einen

220 3491 327 3555 finden
343 3489 429 3574 solt

221 3594 369 3661 Duneket
406 3589 484 3660 euch
522 3595 573 3659 nit
610 3597 721 3662 billich
760 3599 850 3675 sein,
892 3599 947 3663 das
988 3620 1063 3663 rnen
1100 3597 1167 3661 dise
1206 3598 1283 3684 ding
1320 3598 1375 3663 ein

221 3702 326 3788 wenig
349 3701 505 3786 missigt?
550 3701 646 3780 Nun,
680 3703 739 3767 wir
768 3703 872 3768 k'onen
905 3703 966 3767 wol
989 3701 1163 3782 erachten,
1196 3703 1375 3768 irwenden

220 3806 303 3871 eelhs
332 3806 382 3871 nit
411 3805 568 3884 aufahen,
601 3807 716 3871 werdts
740 3808 924 3896 verniehen,
958 3829 993 3872 ao
1016 3807 1094 3892 lang
1117 3807 1195 3872 imer
1218 3807 1370 3894 mtglich.

223 3910 282 3975 Die
303 3913 453 3977 vernunft
476 3912 579 3998 gibts,
601 3913 677 3980 ‘und
701 3913 728 3976 ir
751 3912 849 3978 thdnt
871 3914 913 3977 im
938 3935 999 3978 nur
1021 3913 1119 3979 recht.
1167 3913 1273 3978 Wenn
1297 3935 1374 3978 man

221 4014 296 4080 aber
318 4017 386 4081 eins
409 4018 497 4096 that,
521 4018 586 4082 und
609 4017 688 4082 euch
711 4018 906 4084 versicheren
929 4019 1029 4096 wdrd,
1054 4018 1132 4084 euch
1155 4041 1270 4084 ewerer
1294 4017 1375 4084 Gru

221 4121 285 4185 und
301 4121 450 4187 Renthen
473 4123 523 4187 nit
545 4127 584 4188 zd
606 4127 777 4202 entsetzen,
802 4125 866 4188 und
890 4125 944 4188 das
959 4125 988 4188 ir
1003 4124 1173 4210 dargegen,
1196 4123 1250 4188 des
1266 4123 1373 4187 Evan-

222 4225 286 4311 geli
309 4226 421 4311 predig
444 4228 494 4292 nit
515 4228 718 4307 verhindert,
753 4229 835 4294 auch
864 4229 914 4294 nit
943 4229 1011 4295 also
1040 4223 1182 4307 wdtent,
1216 4228 1282 4292 und
1312 4229 1375 4294 den

222 4331 350 4396 rechten
367 4331 665 4413 Kirchendieneren,
689 4335 739 4398 die
763 4334 846 4400 dann
871 4356 934 4398 von
957 4337 1053 4399 ahten
1076 4334 1166 4398 aeind
1188 4331 1325 4419 (dieweil
1345 4332 1375 4398 ir
