3146 4962
170 455 289 520 lestare
312 477 512 541 nequaquam
535 457 652 522 debent
674 457 811 523 humiles
834 462 867 524 et
888 480 1052 544 pauperes,
1075 461 1151 544 quia
1167 460 1321 528 nobilitas

169 582 236 625 non
260 565 309 626 est
332 561 365 625 in
390 561 548 647 dignitate
570 569 755 647 parentum,
783 563 838 628 sed
869 564 901 628 in
934 585 1058 629 morum
1080 567 1317 650 compositione

170 664 264 731 Unde
286 665 364 732 dicit
386 667 612 754 philosophus:
637 668 789 734 nobilitas
811 669 879 735 sola
900 673 958 748 est,
982 691 1052 754 quse
1068 672 1210 736 animum
1223 675 1319 737 ornat

169 770 320 835 moribus.
343 771 385 836 Et
394 772 568 858 vulgariter
576 773 707 838 dicitur:
720 775 855 839 villanus
863 779 913 840 est
921 774 985 854 ille,
996 773 1051 858 qui
1058 774 1135 839 facit
1141 776 1316 856 villaniam‚

140 895 234 938 enon
265 875 321 959 qui
351 877 485 943 invilla
515 879 665 944 nascitur.
720 878 854 965 Legitur
876 879 959 963 quod
984 879 1113 962 quidam
1135 879 1185 945 leo
1207 881 1241 944 in
1266 881 1316 965 ju·

170 984 301 1045 rentute
322 983 424 1047 multa
444 983 529 1049 mala
551 983 686 1062 fecerat,
720 984 950 1069 implagaverat
978 984 1063 1048 enim
1092 985 1221 1069 ungulis
1250 985 1316 1050 suis

170 1107 292 1168 aprum,
314 1091 441 1151 taurum
464 1091 495 1152 et
517 1088 658 1152 asellum.
704 1087 831 1152 Accidit
853 1091 969 1167 autem,
993 1088 1075 1171 quod
1099 1088 1167 1172 ipse
1190 1088 1318 1154 devenit

170 1189 210 1254 ad
231 1195 423 1257 senectutem
445 1197 476 1257 et
499 1197 640 1276 ternpore
662 1191 786 1278 hyemis
808 1192 1015 1278 infrigidatus
1037 1192 1149 1258 cecidit
1175 1193 1209 1256 in
1232 1193 1315 1272 nive,

169 1314 234 1358 non
257 1294 364 1359 velens
386 1317 442 1380 per
464 1318 497 1361 sc
518 1298 611 1362 exire.
657 1298 727 1364 Hoc
749 1298 858 1364 videns
882 1320 959 1385 aper
975 1299 1156 1364 recordatus
1171 1302 1220 1362 est
1242 1320 1315 1363 suo-

127 1421 154 1458 ιο
169 1420 240 1462 rum
262 1400 427 1466 vulnerum
451 1404 667 1488 percussitque
701 1424 771 1467 curn
794 1404 935 1489 graviter
958 1402 1115 1468 dentibus.
1161 1401 1317 1468 Similiter

170 1508 280 1569 taurus
303 1505 476 1589 perforavit
496 1512 640 1572 ventrem
663 1509 730 1592 ejus
753 1509 917 1586 cornibus,
942 1508 1057 1574 asellus
1080 1529 1153 1573 vero
1175 1508 1316 1594 graviter

170 1609 308 1675 calcibus
330 1613 484 1696 percussit
506 1635 576 1678 eum
599 1614 632 1677 in
656 1614 770 1678 fronte.
817 1614 880 1679 Leo
903 1619 1010 1700 autern
1038 1612 1235 1678 satisfaciens
1258 1635 1316 1680 suo

169 1714 271 1779 dolori
293 1717 414 1801 inquit:
437 1719 561 1796 omnia,
584 1741 654 1804 quar
677 1719 757 1797 vici,
782 1741 831 1784 mc
853 1721 1000 1802 vincunt,
1024 1739 1109 1783 nunc
1132 1741 1219 1784 meus
1242 1720 1315 1784 dor-

170 1821 231 1886 mit
252 1820 354 1887 honor
376 1827 409 1886 et
430 1844 509 1907 opus
530 1824 659 1890 honoris
672 1824 813 1890 recessit!
835 1846 913 1903 ecce,
930 1825 981 1890 cui
995 1824 1098 1903 nocui,
1121 1828 1221 1904 nocet,
1246 1845 1316 1909 quae

130 1949 156 1988 1⁵
171 1926 242 1992 aliis
264 1926 336 2006 feci,
359 1949 453 2012 super
476 1951 526 1994 me
547 1930 749 1996 descendunt.

451 2104 506 2170 De
528 2126 633 2190 equo
656 2109 695 2170 et
717 2125 837 2190 apro,
860 2103 934 2172 dial
961 2109 1031 2170 111.

257 2241 366 2327 Equus
389 2265 460 2308 cum
482 2267 559 2328 apro
582 2246 636 2310 diu
659 2245 949 2328 quaestionabatur‚
979 2243 1034 2308 sed
1056 2247 1188 2328 propter
1209 2244 1314 2330 longi-

169 2346 311 2412 tudinem
335 2349 519 2432 quaestionis
542 2371 640 2432 equus
665 2351 748 2414 bona
769 2371 827 2414 sua
841 2348 1017 2432 dissiparit,
1040 2347 1124 2412 unde
1138 2349 1178 2413 ad
1194 2349 1316 2414 mulum

169 2453 300 2518 accessit
321 2475 438 2540 rogans
460 2477 551 2533 eum,
585 2461 621 2522 ut
650 2456 712 2521 sibi
744 2454 887 2521 marchas
917 2454 1020 2518 decem
1052 2453 1121 2517 auri
1143 2457 1313 2520 mutuaret

130 2586 155 2622 a
170 2557 277 2641 Equus
299 2579 373 2624 vero
394 2581 467 2624 cum
490 2561 539 2625 his
553 2561 690 2626 marchis
705 2584 739 2626 se
754 2560 951 2646 recuperavit
973 2562 1006 2624 et
1020 2559 1148 2624 vincens
1164 2561 1313 2644 quaestio-

169 2685 241 2728 nem
263 2665 365 2730 multa
386 2665 526 2731 lucratus
549 2672 605 2748 cst,
629 2667 733 2732 mulus
755 2674 859 2731 autem
876 2665 1078 2749 postmodum
1099 2663 1242 2730 marchas
1258 2686 1314 2748 pe-

168 2770 264 2848 tebat,
289 2769 377 2834 velut
398 2771 559 2854 pollicitus
579 2770 693 2852 luerat,
717 2773 771 2837 sed
793 2795 892 2857 equus
913 2793 970 2856 per
986 2771 1198 2836 rusticitatem
1222 2792 1313 2835 suam

169 2875 290 2940 mulum
312 2875 502 2959 deturpabat
523 2877 646 2942 dicens:
670 2900 689 2942 o
712 2878 806 2956 mule,
830 2899 892 2942 non
917 2874 1138 2941 verecundaris
1161 2875 1240 2940 talia
1257 2897 1312 2960 pe·

168 2983 234 3044 tere
256 3001 275 3044 a
297 2982 369 3046 me?
399 2980 462 3046 Pro
493 3002 556 3064 quo
578 2981 683 3046 mulus
713 2982 917 3066 perturbatus
944 2981 1050 3064 ipsum
1082 2983 1156 3044 ante
1175 2981 1314 3063 judicem

130 3111 155 3149 a
168 3086 297 3165 citavit,
322 3109 420 3170 equus
444 3108 517 3151 vero
539 3087 753 3152 inflammatus
776 3086 953 3151 clamitavit
986 3086 1025 3150 ad
1049 3107 1082 3150 se
1104 3085 1259 3151 camelum
1281 3090 1315 3151 et
1412 3131 1415 3138 ι

168 3192 302 3269 asinum,
324 3191 380 3275 qui
402 3191 523 3256 mulum
545 3191 673 3257 fortiter
695 3197 926 3276 percusserunt,
949 3195 982 3256 et
1003 3213 1074 3255 oum
1095 3190 1146 3255 his
1169 3191 1207 3254 ad
1227 3190 1313 3273 judi·

169 3298 252 3362 cium
273 3297 464 3381 properavit.
511 3296 613 3363 Juder
636 3299 764 3380 quidem
796 3297 856 3362 hcc
877 3297 978 3362 sciens
1001 3295 1194 3360 sententiam
1216 3293 1314 3358 talem

169 3401 398 3486 pronuntiarit,
422 3402 507 3486 quod
529 3402 662 3486 pecunia
684 3402 740 3467 illa
764 3424 857 3486 quam
881 3401 944 3467 cito
968 3398 1164 3466 restituenda
1179 3403 1260 3464 esset
1282 3402 1314 3463 ct

168 3506 202 3571 hi
225 3509 354 3590 propter
376 3507 561 3572 violentiam
583 3512 615 3573 et
635 3508 871 3592 percussionem
893 3511 1020 3571 centum
1045 3503 1189 3570 marchas
1212 3504 1313 3570 solve·

169 3614 249 3676 rent.
294 3611 439 3678 (lamelus
461 3616 566 3678 autem
588 3633 653 3677 nou
675 3613 812 3691 habens,
844 3612 927 3678 unde
958 3611 1119 3689 redderet,
1146 3610 1245 3675 exivit
1276 3609 1314 3674 dc

133 3745 156 3781 eo
169 3717 297 3782 civitate
318 3721 351 3782 et
373 3715 524 3782 bannitus
554 3721 620 3795 est,
652 3719 760 3783 asinus
788 3739 914 3802 quoque
943 3717 977 3782 in
1007 3717 1099 3801 cippo
1132 3721 1164 3781 ct
1193 3737 1314 3782 carcere

168 3822 290 3908 positus
312 3822 411 3887 vitam
433 3821 657 3888 miserabiliter
679 3823 794 3887 finivit.
842 3821 951 3906 Equus
973 3825 1079 3887 autem
1102 3822 1253 3886 damnum
1281 3825 1315 3886 ct

168 3927 273 3992 debita
294 3928 389 3992 solvit
413 3933 445 3992 et
472 3928 627 4012 spoliatus
658 3929 811 3994 remansit
844 3928 968 3993 dicens:
1001 3928 1028 3992 si
1059 3927 1130 4012 quis
1160 3926 1252 3992 debet
1282 3931 1315 3990 et

168 4055 230 4098 non
254 4033 367 4110 reddit,
387 4034 510 4116 justum
532 4039 590 4112 est,
614 4034 643 4097 si
658 4034 776 4099 malum
791 4033 928 4117 prendit.
976 4031 1028 4098 Sic
1044 4033 1128 4097 enim
1154 4031 1247 4096 multi
1263 4031 1313 4095 in-

167 4140 251 4225 grati
274 4139 486 4222 reperiuntur,
510 4139 566 4222 qui
591 4160 655 4204 non
677 4143 871 4224 cognoscunt
894 4138 1046 4204 beneficia
1068 4160 1126 4202 nec
1141 4141 1247 4224 grates
1262 4158 1312 4201 re·

133 4243 274 4309 aferunt
296 4243 559 4309 benefactoribus.
606 4243 723 4310 Contra
753 4266 831 4327 quos
864 4246 910 4310 ait
938 4247 1057 4312 Gotho:
1087 4245 1231 4310 beneficii
1259 4267 1312 4310 ac-

168 4351 249 4434 cepti
272 4354 500 4430 memoresto,
525 4351 675 4438 exiguum
697 4373 811 4417 munus
834 4351 984 4418 cum-dat
1007 4353 1065 4417 tibi
1089 4373 1209 4436 pauper
1231 4352 1311 4416 ami-
