<?xml version="1.0" encoding="UTF-8"?>
<!DOCTYPE html PUBLIC "-//W3C//DTD XHTML 1.0 Transitional//EN"
    "http://www.w3.org/TR/xhtml1/DTD/xhtml1-transitional.dtd">
<html xmlns="http://www.w3.org/1999/xhtml" xml:lang="en" lang="en">
 <head>
  <title>
</title>
<meta http-equiv="Content-Type" content="text/html;charset=utf-8" />
  <meta name='ocr-system' content='tesseract 3.04.00' />
  <meta name='ocr-capabilities' content='ocr_page ocr_carea ocr_par ocr_line ocrx_word'/>
</head>
<body>
  <div class='ocr_page' id='page_1' title='image "./zweiredenankais02sleigoog/zweiredenankais02sleigoog_0830.png"; bbox 0 0 3146 4962; ppageno 0'>
   <div class='ocr_carea' id='block_1_1' title="bbox 683 342 747 406">
    <p class='ocr_par' dir='ltr' id='par_1_1' title="bbox 683 342 747 406">
     <span class='ocr_line' id='line_1_1' title="bbox 683 342 747 406; baseline 0.016 -1"><span class='ocrx_word' id='word_1_1' title='bbox 683 342 747 406; x_wconf 83' lang='lat'>229</span> 
     </span>
    </p>
   </div>
   <div class='ocr_carea' id='block_1_2' title="bbox 76 512 1291 1864">
    <p class='ocr_par' dir='ltr' id='par_1_2' title="bbox 76 512 1291 1864">
     <span class='ocr_line' id='line_1_2' title="bbox 141 512 1291 604; baseline 0.007 -26"><span class='ocrx_word' id='word_1_2' title='bbox 141 535 207 578; x_wconf 92' lang='lat' dir='ltr'>uno</span> <span class='ocrx_word' id='word_1_3' title='bbox 230 512 332 592; x_wconf 85' lang='lat' dir='ltr'>adhuc</span> <span class='ocrx_word' id='word_1_4' title='bbox 355 514 477 599; x_wconf 89' lang='lat' dir='ltr'>potitus</span> <span class='ocrx_word' id='word_1_5' title='bbox 500 536 586 594; x_wconf 91' lang='lat' dir='ltr'>sum,</span> <span class='ocrx_word' id='word_1_6' title='bbox 621 518 655 580; x_wconf 92' lang='lat' dir='ltr'>et</span> <span class='ocrx_word' id='word_1_7' title='bbox 677 519 782 582; x_wconf 86' lang='lat' dir='ltr'>tamen</span> <span class='ocrx_word' id='word_1_8' title='bbox 814 520 888 601; x_wconf 90' lang='lat' dir='ltr'>post</span> <span class='ocrx_word' id='word_1_9' title='bbox 910 519 1068 584; x_wconf 90' lang='lat' dir='ltr'>modicum</span> <span class='ocrx_word' id='word_1_10' title='bbox 1090 520 1291 604; x_wconf 88' lang='lat' dir='ltr'>sepulchrum</span> 
     </span>
     <span class='ocr_line' id='line_1_3' title="bbox 141 619 1288 708; baseline 0.007 -24"><span class='ocrx_word' id='word_1_11' title='bbox 141 621 209 705; x_wconf 86' lang='lat' dir='ltr'>ejus</span> <span class='ocrx_word' id='word_1_12' title='bbox 231 619 294 684; x_wconf 83' lang='lat' dir='ltr'>fuit</span> <span class='ocrx_word' id='word_1_13' title='bbox 316 620 457 704; x_wconf 86' lang='lat' dir='ltr'>quinque</span> <span class='ocrx_word' id='word_1_14' title='bbox 479 621 603 705; x_wconf 89' lang='lat' dir='ltr'>pedum.</span> <span class='ocrx_word' id='word_1_15' title='bbox 648 621 785 708; x_wconf 78' lang='lat' dir='ltr'>Egregie</span> <span class='ocrx_word' id='word_1_16' title='bbox 807 623 893 688; x_wconf 89' lang='lat' dir='ltr'>enim</span> <span class='ocrx_word' id='word_1_17' title='bbox 921 625 968 689; x_wconf 89' lang='lat' dir='ltr'>ait</span> <span class='ocrx_word' id='word_1_18' title='bbox 998 625 1192 691; x_wconf 88' lang='lat' dir='ltr'>versificator</span> <span class='ocrx_word' id='word_1_19' title='bbox 1214 625 1288 692; x_wconf 90' lang='lat' dir='ltr'>ille:</span> 
     </span>
     <span class='ocr_line' id='line_1_4' title="bbox 76 725 1288 818; baseline 0.007 -29"><span class='ocrx_word' id='word_1_20' title='bbox 76 773 84 782; x_wconf 91' lang='lat'>.</span> <span class='ocrx_word' id='word_1_21' title='bbox 141 725 304 806; x_wconf 89' lang='lat' dir='ltr'>virbone,</span> <span class='ocrx_word' id='word_1_22' title='bbox 329 727 404 810; x_wconf 89' lang='lat' dir='ltr'>quid</span> <span class='ocrx_word' id='word_1_23' title='bbox 427 748 517 792; x_wconf 88' lang='lat' dir='ltr'>curas</span> <span class='ocrx_word' id='word_1_24' title='bbox 540 749 589 791; x_wconf 84' lang='lat' dir='ltr'>res</span> <span class='ocrx_word' id='word_1_25' title='bbox 612 728 708 808; x_wconf 88' lang='lat' dir='ltr'>viles,</span> <span class='ocrx_word' id='word_1_26' title='bbox 741 751 790 793; x_wconf 88' lang='lat' dir='ltr'>res</span> <span class='ocrx_word' id='word_1_27' title='bbox 814 729 987 814; x_wconf 84' lang='lat' dir='ltr'>perituras,</span> <span class='ocrx_word' id='word_1_28' title='bbox 1020 732 1067 796; x_wconf 91' lang='lat' dir='ltr'>nil</span> <span class='ocrx_word' id='word_1_29' title='bbox 1097 731 1288 818; x_wconf 76' lang='lat' dir='ltr'>profuturas,</span> 
     </span>
     <span class='ocr_line' id='line_1_5' title="bbox 141 831 1289 915; baseline 0.005 -19"><span class='ocrx_word' id='word_1_30' title='bbox 141 831 194 896; x_wconf 90' lang='lat' dir='ltr'>sed</span> <span class='ocrx_word' id='word_1_31' title='bbox 217 831 376 896; x_wconf 81' lang='lat' dir='ltr'><strong>vermibus</strong></span> <span class='ocrx_word' id='word_1_32' title='bbox 399 854 469 898; x_wconf 88' lang='lat' dir='ltr'>esca</span> <span class='ocrx_word' id='word_1_33' title='bbox 490 831 637 897; x_wconf 73' lang='lat' dir='ltr'>futuras?</span> <span class='ocrx_word' id='word_1_34' title='bbox 660 831 763 899; x_wconf 90' lang='lat' dir='ltr'>Nemo</span> <span class='ocrx_word' id='word_1_35' title='bbox 784 833 839 899; x_wconf 91' lang='lat' dir='ltr'>diu</span> <span class='ocrx_word' id='word_1_36' title='bbox 862 836 980 900; x_wconf 89' lang='lat' dir='ltr'>mansit</span> <span class='ocrx_word' id='word_1_37' title='bbox 1003 837 1037 900; x_wconf 94' lang='lat' dir='ltr'>in</span> <span class='ocrx_word' id='word_1_38' title='bbox 1060 837 1212 915; x_wconf 88' lang='lat' dir='ltr'>culmine,</span> <span class='ocrx_word' id='word_1_39' title='bbox 1236 837 1289 902; x_wconf 90' lang='lat' dir='ltr'>sed</span> 
     </span>
     <span class='ocr_line' id='line_1_6' title="bbox 112 936 1287 1028; baseline 0.01 -31"><span class='ocrx_word' id='word_1_40' title='bbox 112 936 205 1001; x_wconf 78' lang='lat' dir='ltr'>scito</span> <span class='ocrx_word' id='word_1_41' title='bbox 227 937 363 1016; x_wconf 86' lang='lat' dir='ltr'>transit,</span> <span class='ocrx_word' id='word_1_42' title='bbox 392 943 440 1002; x_wconf 88' lang='lat' dir='ltr'>est</span> <span class='ocrx_word' id='word_1_43' title='bbox 471 938 574 1003; x_wconf 86' lang='lat' dir='ltr'>brevis</span> <span class='ocrx_word' id='word_1_44' title='bbox 605 943 701 1022; x_wconf 87' lang='lat' dir='ltr'>atque</span> <span class='ocrx_word' id='word_1_45' title='bbox 729 938 807 1004; x_wconf 90' lang='lat' dir='ltr'>levis</span> <span class='ocrx_word' id='word_1_46' title='bbox 838 941 871 1005; x_wconf 93' lang='lat' dir='ltr'>in</span> <span class='ocrx_word' id='word_1_47' title='bbox 894 941 1011 1007; x_wconf 92' lang='lat' dir='ltr'>mundo</span> <span class='ocrx_word' id='word_1_48' title='bbox 1035 943 1138 1027; x_wconf 85' lang='lat' dir='ltr'>gloria</span> <span class='ocrx_word' id='word_1_49' title='bbox 1160 944 1287 1028; x_wconf 78' lang='lat' dir='ltr'>quaevis.</span> 
     </span>
     <span class='ocr_line' id='line_1_7' title="bbox 85 1039 1287 1128; baseline 0.008 -24"><span class='ocrx_word' id='word_1_50' title='bbox 85 1059 91 1076; x_wconf 80' lang='lat'><strong><em>¹</em></strong></span> <span class='ocrx_word' id='word_1_51' title='bbox 142 1039 216 1108; x_wconf 90' lang='lat' dir='ltr'>Ideo</span> <span class='ocrx_word' id='word_1_52' title='bbox 238 1041 336 1106; x_wconf 85' lang='lat' dir='ltr'>refert</span> <span class='ocrx_word' id='word_1_53' title='bbox 357 1040 494 1123; x_wconf 78' lang='lat' dir='ltr'><strong>Quintus</strong></span> <span class='ocrx_word' id='word_1_54' title='bbox 507 1041 644 1122; x_wconf 80' lang='lat' dir='ltr'>Curtius,</span> <span class='ocrx_word' id='word_1_55' title='bbox 670 1045 754 1127; x_wconf 90' lang='lat' dir='ltr'>quod</span> <span class='ocrx_word' id='word_1_56' title='bbox 776 1044 905 1128; x_wconf 84' lang='lat' dir='ltr'>quidam</span> <span class='ocrx_word' id='word_1_57' title='bbox 921 1046 967 1110; x_wconf 87' lang='lat' dir='ltr'>ait</span> <span class='ocrx_word' id='word_1_58' title='bbox 982 1047 1182 1114; x_wconf 83' lang='lat' dir='ltr'>Alexandro:</span> <span class='ocrx_word' id='word_1_59' title='bbox 1205 1049 1287 1128; x_wconf 92' lang='lat' dir='ltr'>vide,</span> 
     </span>
     <span class='ocr_line' id='line_1_8' title="bbox 142 1147 1288 1236; baseline 0.007 -25"><span class='ocrx_word' id='word_1_60' title='bbox 142 1167 191 1224; x_wconf 85' lang='lat' dir='ltr'>ne,</span> <span class='ocrx_word' id='word_1_61' title='bbox 215 1147 289 1211; x_wconf 91' lang='lat' dir='ltr'>dum</span> <span class='ocrx_word' id='word_1_62' title='bbox 312 1147 352 1211; x_wconf 88' lang='lat' dir='ltr'>ad</span> <span class='ocrx_word' id='word_1_63' title='bbox 374 1167 524 1212; x_wconf 90' lang='lat' dir='ltr'>cucumen</span> <span class='ocrx_word' id='word_1_64' title='bbox 547 1149 744 1234; x_wconf 76' lang='lat' dir='ltr'>perveneris,</span> <span class='ocrx_word' id='word_1_65' title='bbox 777 1170 840 1232; x_wconf 91' lang='lat' dir='ltr'>quo</span> <span class='ocrx_word' id='word_1_66' title='bbox 863 1150 984 1230; x_wconf 85' lang='lat' dir='ltr'>tendis,</span> <span class='ocrx_word' id='word_1_67' title='bbox 1018 1151 1052 1216; x_wconf 92' lang='lat' dir='ltr'>in</span> <span class='ocrx_word' id='word_1_68' title='bbox 1081 1152 1158 1236; x_wconf 87' lang='lat' dir='ltr'>ipsis</span> <span class='ocrx_word' id='word_1_69' title='bbox 1181 1155 1288 1236; x_wconf 88' lang='lat' dir='ltr'>ramis,</span> 
     </span>
     <span class='ocr_line' id='line_1_9' title="bbox 142 1251 1287 1338; baseline 0.008 -23"><span class='ocrx_word' id='word_1_70' title='bbox 142 1271 221 1336; x_wconf 88' lang='lat' dir='ltr'>quos</span> <span class='ocrx_word' id='word_1_71' title='bbox 250 1251 512 1336; x_wconf 87' lang='lat' dir='ltr'>apprehenderis,</span> <span class='ocrx_word' id='word_1_72' title='bbox 544 1253 676 1320; x_wconf 86' lang='lat' dir='ltr'>decidas.</span> <span class='ocrx_word' id='word_1_73' title='bbox 728 1252 883 1321; x_wconf 82' lang='lat' dir='ltr'>Saldanus</span> <span class='ocrx_word' id='word_1_74' title='bbox 915 1255 1043 1338; x_wconf 84' lang='lat' dir='ltr'>quidam</span> <span class='ocrx_word' id='word_1_75' title='bbox 1073 1257 1157 1322; x_wconf 88' lang='lat' dir='ltr'>inter</span> <span class='ocrx_word' id='word_1_76' title='bbox 1179 1279 1287 1324; x_wconf 89' lang='lat' dir='ltr'>omnes</span> 
     </span>
     <span class='ocr_line' id='line_1_10' title="bbox 140 1351 1285 1443; baseline 0.006 -21"><span class='ocrx_word' id='word_1_77' title='bbox 140 1357 366 1436; x_wconf 88' lang='lat' dir='ltr'>nobilissimus,</span> <span class='ocrx_word' id='word_1_78' title='bbox 383 1379 438 1422; x_wconf 84' lang='lat' dir='ltr'>rex</span> <span class='ocrx_word' id='word_1_79' title='bbox 454 1357 683 1443; x_wconf 67' lang='lat' dir='ltr'>agarenorum,</span> <span class='ocrx_word' id='word_1_80' title='bbox 700 1363 868 1443; x_wconf 88' lang='lat' dir='ltr'>postquam</span> <span class='ocrx_word' id='word_1_81' title='bbox 883 1351 1019 1440; x_wconf 82' lang='lat' dir='ltr'>rescivit,</span> <span class='ocrx_word' id='word_1_82' title='bbox 1037 1383 1070 1426; x_wconf 92' lang='lat' dir='ltr'>se</span> <span class='ocrx_word' id='word_1_83' title='bbox 1086 1363 1285 1443; x_wconf 88' lang='lat' dir='ltr'>moriturum,</span> 
     </span>
     <span class='ocr_line' id='line_1_11' title="bbox 97 1463 1287 1552; baseline 0.007 -26"><span class='ocrx_word' id='word_1_84' title='bbox 97 1488 126 1526; x_wconf 86' lang='grc' dir='ltr'>ιο</span> <span class='ocrx_word' id='word_1_85' title='bbox 140 1463 242 1548; x_wconf 78' lang='lat' dir='ltr'>accipi</span> <span class='ocrx_word' id='word_1_86' title='bbox 264 1463 339 1529; x_wconf 89' lang='lat' dir='ltr'>fecit</span> <span class='ocrx_word' id='word_1_87' title='bbox 361 1485 503 1548; x_wconf 91' lang='lat' dir='ltr'>pannum</span> <span class='ocrx_word' id='word_1_88' title='bbox 525 1465 644 1530; x_wconf 85' lang='lat' dir='ltr'>sudarii</span> <span class='ocrx_word' id='word_1_89' title='bbox 675 1467 707 1530; x_wconf 90' lang='lat' dir='ltr'>et</span> <span class='ocrx_word' id='word_1_90' title='bbox 737 1486 832 1549; x_wconf 90' lang='lat' dir='ltr'>super</span> <span class='ocrx_word' id='word_1_91' title='bbox 853 1465 1097 1552; x_wconf 88' lang='lat' dir='ltr'>lanceam.poni</span> <span class='ocrx_word' id='word_1_92' title='bbox 1120 1469 1212 1552; x_wconf 87' lang='lat' dir='ltr'>quasi</span> <span class='ocrx_word' id='word_1_93' title='bbox 1233 1492 1287 1535; x_wconf 89' lang='lat' dir='ltr'>ve-</span> 
     </span>
     <span class='ocr_line' id='line_1_12' title="bbox 140 1568 1289 1657; baseline 0.004 -23"><span class='ocrx_word' id='word_1_94' title='bbox 140 1568 255 1635; x_wconf 82' lang='lat' dir='ltr'>xillum</span> <span class='ocrx_word' id='word_1_95' title='bbox 277 1589 314 1633; x_wconf 89' lang='lat' dir='ltr'>ac</span> <span class='ocrx_word' id='word_1_96' title='bbox 336 1589 393 1654; x_wconf 88' lang='lat' dir='ltr'>per</span> <span class='ocrx_word' id='word_1_97' title='bbox 416 1568 525 1633; x_wconf 86' lang='lat' dir='ltr'>urbem</span> <span class='ocrx_word' id='word_1_98' title='bbox 548 1569 766 1654; x_wconf 81' lang='lat' dir='ltr'>praeconinari,</span> <span class='ocrx_word' id='word_1_99' title='bbox 798 1570 881 1653; x_wconf 94' lang='lat' dir='ltr'>quod</span> <span class='ocrx_word' id='word_1_100' title='bbox 905 1571 942 1635; x_wconf 92' lang='lat' dir='ltr'>de</span> <span class='ocrx_word' id='word_1_101' title='bbox 965 1575 1034 1636; x_wconf 84' lang='lat' dir='ltr'>tuto</span> <span class='ocrx_word' id='word_1_102' title='bbox 1056 1583 1155 1657; x_wconf 81' lang='lat' dir='ltr'>regno</span> <span class='ocrx_word' id='word_1_103' title='bbox 1179 1594 1235 1638; x_wconf 83' lang='lat' dir='ltr'>suo</span> <span class='ocrx_word' id='word_1_104' title='bbox 1256 1578 1289 1639; x_wconf 88' lang='lat' dir='ltr'>et</span> 
     </span>
     <span class='ocr_line' id='line_1_13' title="bbox 141 1673 1287 1760; baseline 0.003 -20"><span class='ocrx_word' id='word_1_105' title='bbox 141 1675 180 1740; x_wconf 90' lang='lat' dir='ltr'>de</span> <span class='ocrx_word' id='word_1_106' title='bbox 202 1673 357 1740; x_wconf 88' lang='lat' dir='ltr'>universis</span> <span class='ocrx_word' id='word_1_107' title='bbox 379 1673 498 1739; x_wconf 89' lang='lat' dir='ltr'>divitiis</span> <span class='ocrx_word' id='word_1_108' title='bbox 521 1679 554 1738; x_wconf 92' lang='lat' dir='ltr'>et</span> <span class='ocrx_word' id='word_1_109' title='bbox 576 1674 733 1738; x_wconf 79' lang='lat' dir='ltr'>thesauris</span> <span class='ocrx_word' id='word_1_110' title='bbox 755 1675 884 1739; x_wconf 89' lang='lat' dir='ltr'>nonnisi</span> <span class='ocrx_word' id='word_1_111' title='bbox 908 1697 1051 1760; x_wconf 91' lang='lat' dir='ltr'>pannum</span> <span class='ocrx_word' id='word_1_112' title='bbox 1074 1677 1171 1743; x_wconf 88' lang='lat' dir='ltr'>istum</span> <span class='ocrx_word' id='word_1_113' title='bbox 1194 1679 1287 1744; x_wconf 81' lang='lat' dir='ltr'>sude-</span> 
     </span>
     <span class='ocr_line' id='line_1_14' title="bbox 140 1779 700 1864; baseline -0.002 -19"><span class='ocrx_word' id='word_1_114' title='bbox 140 1781 182 1845; x_wconf 92' lang='lat' dir='ltr'>rii</span> <span class='ocrx_word' id='word_1_115' title='bbox 204 1801 308 1846; x_wconf 86' lang='lat' dir='ltr'>secum</span> <span class='ocrx_word' id='word_1_116' title='bbox 331 1779 365 1844; x_wconf 91' lang='lat' dir='ltr'>in</span> <span class='ocrx_word' id='word_1_117' title='bbox 389 1784 491 1844; x_wconf 89' lang='lat' dir='ltr'>morte</span> <span class='ocrx_word' id='word_1_118' title='bbox 513 1783 700 1864; x_wconf 72' lang='lat' dir='ltr'>asportaret.</span> 
     </span>
    </p>
   </div>
   <div class='ocr_carea' id='block_1_3' title="bbox 268 1953 1153 2038">
    <p class='ocr_par' dir='ltr' id='par_1_3' title="bbox 268 1953 1153 2038">
     <span class='ocr_line' id='line_1_15' title="bbox 268 1953 1153 2038; baseline 0.003 -19"><span class='ocrx_word' id='word_1_119' title='bbox 268 1953 324 2020; x_wconf 92' lang='lat' dir='ltr'>De</span> <span class='ocrx_word' id='word_1_120' title='bbox 346 1954 494 2020; x_wconf 89' lang='lat' dir='ltr'>avibus</span> <span class='ocrx_word' id='word_1_121' title='bbox 515 1955 706 2020; x_wconf 90' lang='lat' dir='ltr'>terrenis</span> <span class='ocrx_word' id='word_1_122' title='bbox 729 1958 769 2018; x_wconf 93' lang='lat' dir='ltr'>et</span> <span class='ocrx_word' id='word_1_123' title='bbox 790 1955 980 2038; x_wconf 84' lang='lat' dir='ltr'>aquosis,</span> <span class='ocrx_word' id='word_1_124' title='bbox 1004 1955 1076 2020; x_wconf 88' lang='lat' dir='ltr'>dial.</span> <span class='ocrx_word' id='word_1_125' title='bbox 1100 1959 1153 2022; x_wconf 80' lang='lat'>83.</span> 
     </span>
    </p>
   </div>
   <div class='ocr_carea' id='block_1_4' title="bbox 57 2095 1299 4389">
    <p class='ocr_par' dir='ltr' id='par_1_4' title="bbox 57 2095 1299 4389">
     <span class='ocr_line' id='line_1_16' title="bbox 99 2095 1287 2180; baseline 0.002 -20"><span class='ocrx_word' id='word_1_126' title='bbox 99 2122 126 2160; x_wconf 78' lang='lat' dir='ltr'>rs</span> <span class='ocrx_word' id='word_1_127' title='bbox 230 2095 313 2160; x_wconf 90' lang='lat' dir='ltr'>Aves</span> <span class='ocrx_word' id='word_1_128' title='bbox 344 2099 480 2161; x_wconf 73' lang='lat' dir='ltr'>terrente</span> <span class='ocrx_word' id='word_1_129' title='bbox 501 2097 661 2162; x_wconf 86' lang='lat' dir='ltr'>intuentes</span> <span class='ocrx_word' id='word_1_130' title='bbox 685 2097 843 2174; x_wconf 88' lang='lat' dir='ltr'>volucres,</span> <span class='ocrx_word' id='word_1_131' title='bbox 874 2117 943 2180; x_wconf 84' lang='lat' dir='ltr'>quae</span> <span class='ocrx_word' id='word_1_132' title='bbox 974 2099 1048 2161; x_wconf 85' lang='lat' dir='ltr'>sunt</span> <span class='ocrx_word' id='word_1_133' title='bbox 1079 2117 1220 2180; x_wconf 75' lang='lat' dir='ltr'>aquosa,</span> <span class='ocrx_word' id='word_1_134' title='bbox 1251 2097 1287 2162; x_wconf 89' lang='lat' dir='ltr'>in</span> 
     </span>
     <span class='ocr_line' id='line_1_17' title="bbox 141 2200 1283 2285; baseline 0.004 -21"><span class='ocrx_word' id='word_1_135' title='bbox 141 2200 232 2284; x_wconf 79' lang='lat' dir='ltr'>aquis</span> <span class='ocrx_word' id='word_1_136' title='bbox 247 2203 279 2264; x_wconf 91' lang='lat' dir='ltr'>et</span> <span class='ocrx_word' id='word_1_137' title='bbox 290 2200 384 2265; x_wconf 89' lang='lat' dir='ltr'>terris</span> <span class='ocrx_word' id='word_1_138' title='bbox 400 2200 567 2279; x_wconf 81' lang='lat' dir='ltr'>comedere,</span> <span class='ocrx_word' id='word_1_139' title='bbox 584 2201 777 2285; x_wconf 75' lang='lat' dir='ltr'>perturbata</span> <span class='ocrx_word' id='word_1_140' title='bbox 792 2201 886 2266; x_wconf 89' lang='lat' dir='ltr'>simul</span> <span class='ocrx_word' id='word_1_141' title='bbox 902 2207 1117 2266; x_wconf 89' lang='lat' dir='ltr'>convenerunt</span> <span class='ocrx_word' id='word_1_142' title='bbox 1131 2201 1283 2269; x_wconf 86' lang='lat' dir='ltr'>dicentes:</span> 
     </span>
     <span class='ocr_line' id='line_1_18' title="bbox 57 2305 1286 2391; baseline 0.001 -20"><span class='ocrx_word' id='word_1_143' title='bbox 57 2331 61 2337; x_wconf 96' lang='lat'><em>·</em></span> <span class='ocrx_word' id='word_1_144' title='bbox 141 2306 353 2390; x_wconf 86' lang='lat' dir='ltr'>supplantatae</span> <span class='ocrx_word' id='word_1_145' title='bbox 377 2305 463 2370; x_wconf 85' lang='lat' dir='ltr'>enim</span> <span class='ocrx_word' id='word_1_146' title='bbox 485 2327 592 2370; x_wconf 79' lang='lat' dir='ltr'>sumus</span> <span class='ocrx_word' id='word_1_147' title='bbox 615 2309 646 2369; x_wconf 91' lang='lat' dir='ltr'>et</span> <span class='ocrx_word' id='word_1_148' title='bbox 668 2305 829 2388; x_wconf 85' lang='lat' dir='ltr'>spoliatae,</span> <span class='ocrx_word' id='word_1_149' title='bbox 858 2305 934 2389; x_wconf 88' lang='lat' dir='ltr'>quia</span> <span class='ocrx_word' id='word_1_150' title='bbox 956 2305 1047 2369; x_wconf 85' lang='lat' dir='ltr'>alites</span> <span class='ocrx_word' id='word_1_151' title='bbox 1071 2305 1139 2370; x_wconf 80' lang='lat' dir='ltr'>istae</span> <span class='ocrx_word' id='word_1_152' title='bbox 1161 2328 1286 2391; x_wconf 81' lang='lat' dir='ltr'>aquosae</span> 
     </span>
     <span class='ocr_line' id='line_1_19' title="bbox 141 2410 1285 2496; baseline 0 -20"><span class='ocrx_word' id='word_1_153' title='bbox 141 2415 325 2478; x_wconf 84' lang='lat' dir='ltr'>saturantur</span> <span class='ocrx_word' id='word_1_154' title='bbox 357 2412 390 2476; x_wconf 92' lang='lat' dir='ltr'>in</span> <span class='ocrx_word' id='word_1_155' title='bbox 417 2411 507 2495; x_wconf 85' lang='lat' dir='ltr'>aquis</span> <span class='ocrx_word' id='word_1_156' title='bbox 538 2413 584 2492; x_wconf 54' lang='lat' dir='ltr'>et,</span> <span class='ocrx_word' id='word_1_157' title='bbox 599 2415 768 2496; x_wconf 87' lang='lat' dir='ltr'>postquam</span> <span class='ocrx_word' id='word_1_158' title='bbox 800 2410 1006 2496; x_wconf 81' lang='lat' dir='ltr'>ingurgitatae</span> <span class='ocrx_word' id='word_1_159' title='bbox 1036 2414 1126 2490; x_wconf 93' lang='lat' dir='ltr'>sunt,</span> <span class='ocrx_word' id='word_1_160' title='bbox 1156 2411 1285 2476; x_wconf 89' lang='lat' dir='ltr'>adscen-</span> 
     </span>
     <span class='ocr_line' id='line_1_20' title="bbox 140 2513 1285 2600; baseline -0.001 -19"><span class='ocrx_word' id='word_1_161' title='bbox 140 2517 221 2582; x_wconf 87' lang='lat' dir='ltr'>dunt</span> <span class='ocrx_word' id='word_1_162' title='bbox 243 2517 282 2582; x_wconf 85' lang='lat' dir='ltr'>ad</span> <span class='ocrx_word' id='word_1_163' title='bbox 306 2516 408 2582; x_wconf 87' lang='lat' dir='ltr'>solum</span> <span class='ocrx_word' id='word_1_164' title='bbox 435 2518 467 2580; x_wconf 89' lang='lat' dir='ltr'>et</span> <span class='ocrx_word' id='word_1_165' title='bbox 495 2519 602 2600; x_wconf 88' lang='lat' dir='ltr'>partes</span> <span class='ocrx_word' id='word_1_166' title='bbox 625 2519 749 2581; x_wconf 85' lang='lat' dir='ltr'>nostras</span> <span class='ocrx_word' id='word_1_167' title='bbox 771 2515 924 2581; x_wconf 90' lang='lat' dir='ltr'>devorant</span> <span class='ocrx_word' id='word_1_168' title='bbox 948 2515 1128 2580; x_wconf 87' lang='lat' dir='ltr'>attollunt.</span> <span class='ocrx_word' id='word_1_169' title='bbox 1176 2513 1218 2580; x_wconf 78' lang='lat' dir='ltr'>ut</span> <span class='ocrx_word' id='word_1_170' title='bbox 1240 2516 1285 2580; x_wconf 93' lang='lat' dir='ltr'>ci-</span> 
     </span>
     <span class='ocr_line' id='line_1_21' title="bbox 101 2619 1285 2704; baseline 0.003 -22"><span class='ocrx_word' id='word_1_171' title='bbox 101 2645 127 2682; x_wconf 78' lang='lat' dir='ltr'>ne</span> <span class='ocrx_word' id='word_1_172' title='bbox 140 2626 289 2687; x_wconf 88' lang='lat' dir='ltr'>taverunt</span> <span class='ocrx_word' id='word_1_173' title='bbox 311 2623 385 2686; x_wconf 87' lang='lat' dir='ltr'>ante</span> <span class='ocrx_word' id='word_1_174' title='bbox 406 2641 439 2684; x_wconf 90' lang='lat' dir='ltr'>se</span> <span class='ocrx_word' id='word_1_175' title='bbox 461 2620 620 2686; x_wconf 85' lang='lat' dir='ltr'>dicentes:</span> <span class='ocrx_word' id='word_1_176' title='bbox 645 2620 810 2686; x_wconf 69' lang='lat' dir='ltr'>denudatae</span> <span class='ocrx_word' id='word_1_177' title='bbox 833 2620 917 2685; x_wconf 91' lang='lat' dir='ltr'>enim</span> <span class='ocrx_word' id='word_1_178' title='bbox 940 2619 1209 2704; x_wconf 90' lang='lat' dir='ltr'>quamplurimum</span> <span class='ocrx_word' id='word_1_179' title='bbox 1231 2642 1285 2686; x_wconf 87' lang='lat' dir='ltr'>su-</span> 
     </span>
     <span class='ocr_line' id='line_1_22' title="bbox 140 2723 1287 2811; baseline -0.002 -19"><span class='ocrx_word' id='word_1_180' title='bbox 140 2749 210 2792; x_wconf 90' lang='lat' dir='ltr'>mus</span> <span class='ocrx_word' id='word_1_181' title='bbox 233 2748 252 2791; x_wconf 88' lang='lat' dir='ltr'>a</span> <span class='ocrx_word' id='word_1_182' title='bbox 273 2727 379 2805; x_wconf 82' lang='lat' dir='ltr'>vobis,</span> <span class='ocrx_word' id='word_1_183' title='bbox 410 2745 465 2790; x_wconf 87' lang='lat' dir='ltr'>vos</span> <span class='ocrx_word' id='word_1_184' title='bbox 494 2726 534 2790; x_wconf 86' lang='lat' dir='ltr'>ad</span> <span class='ocrx_word' id='word_1_185' title='bbox 556 2724 685 2791; x_wconf 91' lang='lat' dir='ltr'>libitum</span> <span class='ocrx_word' id='word_1_186' title='bbox 708 2726 741 2790; x_wconf 89' lang='lat' dir='ltr'>in</span> <span class='ocrx_word' id='word_1_187' title='bbox 764 2725 854 2811; x_wconf 85' lang='lat' dir='ltr'>aquis</span> <span class='ocrx_word' id='word_1_188' title='bbox 886 2724 1048 2790; x_wconf 90' lang='lat' dir='ltr'>comeditis</span> <span class='ocrx_word' id='word_1_189' title='bbox 1081 2745 1138 2790; x_wconf 91' lang='lat' dir='ltr'>nee</span> <span class='ocrx_word' id='word_1_190' title='bbox 1167 2723 1287 2790; x_wconf 88' lang='lat' dir='ltr'>suffieit</span> 
     </span>
     <span class='ocr_line' id='line_1_23' title="bbox 139 2829 1286 2915; baseline -0.002 -17"><span class='ocrx_word' id='word_1_191' title='bbox 139 2833 246 2911; x_wconf 89' lang='lat' dir='ltr'>vobis,</span> <span class='ocrx_word' id='word_1_192' title='bbox 277 2831 329 2896; x_wconf 88' lang='lat' dir='ltr'>sed</span> <span class='ocrx_word' id='word_1_193' title='bbox 359 2834 526 2915; x_wconf 85' lang='lat' dir='ltr'>postquam</span> <span class='ocrx_word' id='word_1_194' title='bbox 556 2830 696 2915; x_wconf 83' lang='lat' dir='ltr'>impletae</span> <span class='ocrx_word' id='word_1_195' title='bbox 718 2831 813 2909; x_wconf 91' lang='lat' dir='ltr'>estis,</span> <span class='ocrx_word' id='word_1_196' title='bbox 843 2830 1018 2895; x_wconf 87' lang='lat' dir='ltr'>interram</span> <span class='ocrx_word' id='word_1_197' title='bbox 1041 2829 1231 2895; x_wconf 86' lang='lat' dir='ltr'>adscenditis</span> <span class='ocrx_word' id='word_1_198' title='bbox 1254 2834 1286 2896; x_wconf 86' lang='lat' dir='ltr'>ct</span> 
     </span>
     <span class='ocr_line' id='line_1_24' title="bbox 139 2935 1285 3022; baseline -0.002 -18"><span class='ocrx_word' id='word_1_199' title='bbox 139 2961 224 3005; x_wconf 84' lang='lat' dir='ltr'>escas</span> <span class='ocrx_word' id='word_1_200' title='bbox 249 2940 371 3002; x_wconf 84' lang='lat' dir='ltr'>nostras</span> <span class='ocrx_word' id='word_1_201' title='bbox 396 2937 553 3022; x_wconf 85' lang='lat' dir='ltr'>deglutire</span> <span class='ocrx_word' id='word_1_202' title='bbox 583 2937 777 3022; x_wconf 85' lang='lat' dir='ltr'>peroptatis,</span> <span class='ocrx_word' id='word_1_203' title='bbox 809 2940 916 3002; x_wconf 87' lang='lat' dir='ltr'>cavete</span> <span class='ocrx_word' id='word_1_204' title='bbox 938 2936 1043 3015; x_wconf 89' lang='lat' dir='ltr'>vobis,</span> <span class='ocrx_word' id='word_1_205' title='bbox 1076 2935 1222 3022; x_wconf 86' lang='lat' dir='ltr'>deinceps</span> <span class='ocrx_word' id='word_1_206' title='bbox 1245 2959 1285 3002; x_wconf 91' lang='lat' dir='ltr'>ne</span> 
     </span>
     <span class='ocr_line' id='line_1_25' title="bbox 140 3039 1283 3129; baseline -0.003 -19"><span class='ocrx_word' id='word_1_207' title='bbox 140 3045 218 3112; x_wconf 88' lang='lat' dir='ltr'>talia</span> <span class='ocrx_word' id='word_1_208' title='bbox 241 3049 467 3129; x_wconf 83' lang='lat' dir='ltr'>procurentur,</span> <span class='ocrx_word' id='word_1_209' title='bbox 498 3042 641 3127; x_wconf 87' lang='lat' dir='ltr'>alioquin</span> <span class='ocrx_word' id='word_1_210' title='bbox 670 3063 725 3108; x_wconf 87' lang='lat' dir='ltr'>vos</span> <span class='ocrx_word' id='word_1_211' title='bbox 748 3064 856 3108; x_wconf 88' lang='lat' dir='ltr'>omnes</span> <span class='ocrx_word' id='word_1_212' title='bbox 879 3041 1117 3127; x_wconf 85' lang='lat' dir='ltr'>perforabimus.</span> <span class='ocrx_word' id='word_1_213' title='bbox 1163 3039 1283 3118; x_wconf 75' lang='lat' dir='ltr'>Quibus</span> 
     </span>
     <span class='ocr_line' id='line_1_26' title="bbox 101 3147 1285 3234; baseline -0.004 -18"><span class='ocrx_word' id='word_1_214' title='bbox 101 3179 127 3216; x_wconf 77' lang='lat' dir='ltr'>ae</span> <span class='ocrx_word' id='word_1_215' title='bbox 140 3152 222 3216; x_wconf 84' lang='lat' dir='ltr'>illae:</span> <span class='ocrx_word' id='word_1_216' title='bbox 244 3149 327 3216; x_wconf 85' lang='lat' dir='ltr'>male</span> <span class='ocrx_word' id='word_1_217' title='bbox 348 3149 527 3234; x_wconf 88' lang='lat' dir='ltr'>loquimini,</span> <span class='ocrx_word' id='word_1_218' title='bbox 550 3170 681 3226; x_wconf 88' lang='lat' dir='ltr'>sorores,</span> <span class='ocrx_word' id='word_1_219' title='bbox 705 3148 758 3214; x_wconf 87' lang='lat' dir='ltr'>sed</span> <span class='ocrx_word' id='word_1_220' title='bbox 780 3148 896 3213; x_wconf 82' lang='lat' dir='ltr'>obnixe</span> <span class='ocrx_word' id='word_1_221' title='bbox 918 3148 1126 3225; x_wconf 88' lang='lat' dir='ltr'>obsecramus,</span> <span class='ocrx_word' id='word_1_222' title='bbox 1154 3150 1192 3212; x_wconf 88' lang='lat' dir='ltr'>ut</span> <span class='ocrx_word' id='word_1_223' title='bbox 1213 3147 1285 3232; x_wconf 86' lang='lat' dir='ltr'>dig-</span> 
     </span>
     <span class='ocr_line' id='line_1_27' title="bbox 141 3251 1286 3338; baseline -0.003 -18"><span class='ocrx_word' id='word_1_224' title='bbox 141 3255 261 3320; x_wconf 92' lang='lat' dir='ltr'>nemini</span> <span class='ocrx_word' id='word_1_225' title='bbox 282 3253 321 3317; x_wconf 92' lang='lat' dir='ltr'>de</span> <span class='ocrx_word' id='word_1_226' title='bbox 336 3253 414 3318; x_wconf 89' lang='lat' dir='ltr'>escis</span> <span class='ocrx_word' id='word_1_227' title='bbox 430 3252 548 3318; x_wconf 86' lang='lat' dir='ltr'>nostris</span> <span class='ocrx_word' id='word_1_228' title='bbox 563 3253 685 3338; x_wconf 87' lang='lat' dir='ltr'>epulari</span> <span class='ocrx_word' id='word_1_229' title='bbox 701 3251 875 3331; x_wconf 88' lang='lat' dir='ltr'>nobiscum,</span> <span class='ocrx_word' id='word_1_230' title='bbox 899 3252 1052 3336; x_wconf 89' lang='lat' dir='ltr'>quoniam</span> <span class='ocrx_word' id='word_1_231' title='bbox 1068 3251 1162 3316; x_wconf 84' lang='lat' dir='ltr'>corda</span> <span class='ocrx_word' id='word_1_232' title='bbox 1177 3255 1286 3317; x_wconf 86' lang='lat' dir='ltr'>nostra</span> 
     </span>
     <span class='ocr_line' id='line_1_28' title="bbox 140 3355 1299 3442; baseline -0.002 -16"><span class='ocrx_word' id='word_1_233' title='bbox 140 3359 394 3426; x_wconf 68' lang='lat' dir='ltr'>laetificabuntur.</span> <span class='ocrx_word' id='word_1_234' title='bbox 440 3357 659 3424; x_wconf 82' lang='lat' dir='ltr'>Alitesautem</span> <span class='ocrx_word' id='word_1_235' title='bbox 674 3363 818 3437; x_wconf 78' lang='lat' dir='ltr'>terrenae,</span> <span class='ocrx_word' id='word_1_236' title='bbox 835 3362 965 3442; x_wconf 89' lang='lat' dir='ltr'>propter</span> <span class='ocrx_word' id='word_1_237' title='bbox 980 3355 1184 3442; x_wconf 86' lang='lat' dir='ltr'>gulositatem</span> <span class='ocrx_word' id='word_1_238' title='bbox 1199 3363 1299 3424; x_wconf 79' lang='lat' dir='ltr'>escas</span> 
     </span>
     <span class='ocr_line' id='line_1_29' title="bbox 140 3461 1284 3549; baseline -0.002 -20"><span class='ocrx_word' id='word_1_239' title='bbox 140 3485 291 3549; x_wconf 86' lang='lat' dir='ltr'>aquarum</span> <span class='ocrx_word' id='word_1_240' title='bbox 314 3463 580 3549; x_wconf 86' lang='lat' dir='ltr'>concupiscentes,</span> <span class='ocrx_word' id='word_1_241' title='bbox 602 3463 662 3528; x_wconf 90' lang='lat' dir='ltr'>hoc</span> <span class='ocrx_word' id='word_1_242' title='bbox 684 3464 846 3529; x_wconf 87' lang='lat' dir='ltr'>audientes</span> <span class='ocrx_word' id='word_1_243' title='bbox 868 3484 939 3529; x_wconf 92' lang='lat' dir='ltr'>cum</span> <span class='ocrx_word' id='word_1_244' title='bbox 952 3463 1030 3546; x_wconf 88' lang='lat' dir='ltr'>ipsis</span> <span class='ocrx_word' id='word_1_245' title='bbox 1054 3462 1087 3526; x_wconf 93' lang='lat' dir='ltr'>in</span> <span class='ocrx_word' id='word_1_246' title='bbox 1103 3461 1193 3546; x_wconf 85' lang='lat' dir='ltr'>aquis</span> <span class='ocrx_word' id='word_1_247' title='bbox 1209 3483 1284 3527; x_wconf 90' lang='lat' dir='ltr'>con-</span> 
     </span>
     <span class='ocr_line' id='line_1_30' title="bbox 141 3567 1284 3656; baseline -0.003 -21"><span class='ocrx_word' id='word_1_248' title='bbox 141 3570 297 3649; x_wconf 84' lang='lat' dir='ltr'>volarunt,</span> <span class='ocrx_word' id='word_1_249' title='bbox 321 3570 375 3634; x_wconf 88' lang='lat' dir='ltr'>sed</span> <span class='ocrx_word' id='word_1_250' title='bbox 399 3571 473 3654; x_wconf 89' lang='lat' dir='ltr'>quia</span> <span class='ocrx_word' id='word_1_251' title='bbox 495 3573 606 3634; x_wconf 85' lang='lat' dir='ltr'>natare</span> <span class='ocrx_word' id='word_1_252' title='bbox 627 3569 829 3656; x_wconf 83' lang='lat' dir='ltr'>ignorabant,</span> <span class='ocrx_word' id='word_1_253' title='bbox 853 3592 872 3634; x_wconf 89' lang='lat' dir='ltr'>a</span> <span class='ocrx_word' id='word_1_254' title='bbox 893 3567 1043 3634; x_wconf 87' lang='lat' dir='ltr'>fluctibus</span> <span class='ocrx_word' id='word_1_255' title='bbox 1066 3570 1098 3632; x_wconf 91' lang='lat' dir='ltr'>et</span> <span class='ocrx_word' id='word_1_256' title='bbox 1121 3568 1213 3633; x_wconf 88' lang='lat' dir='ltr'>undis</span> <span class='ocrx_word' id='word_1_257' title='bbox 1229 3589 1284 3652; x_wconf 90' lang='lat' dir='ltr'>pe·</span> 
     </span>
     <span class='ocr_line' id='line_1_31' title="bbox 103 3673 1284 3757; baseline -0.005 -14"><span class='ocrx_word' id='word_1_258' title='bbox 103 3706 127 3743; x_wconf 81' lang='lat' dir='ltr'>eo</span> <span class='ocrx_word' id='word_1_259' title='bbox 141 3677 380 3755; x_wconf 89' lang='lat' dir='ltr'>riclitabantur,</span> <span class='ocrx_word' id='word_1_260' title='bbox 409 3674 492 3740; x_wconf 91' lang='lat' dir='ltr'>unde</span> <span class='ocrx_word' id='word_1_261' title='bbox 522 3674 705 3740; x_wconf 87' lang='lat' dir='ltr'>clamabant</span> <span class='ocrx_word' id='word_1_262' title='bbox 737 3675 797 3740; x_wconf 90' lang='lat' dir='ltr'>sibi</span> <span class='ocrx_word' id='word_1_263' title='bbox 831 3675 982 3740; x_wconf 87' lang='lat' dir='ltr'>misereri.</span> <span class='ocrx_word' id='word_1_264' title='bbox 1041 3673 1177 3757; x_wconf 83' lang='lat' dir='ltr'>Aquosae</span> <span class='ocrx_word' id='word_1_265' title='bbox 1211 3694 1284 3738; x_wconf 90' lang='lat' dir='ltr'>vero</span> 
     </span>
     <span class='ocr_line' id='line_1_32' title="bbox 140 3778 1285 3868; baseline -0.003 -21"><span class='ocrx_word' id='word_1_266' title='bbox 140 3784 258 3868; x_wconf 85' lang='lat' dir='ltr'>pietate</span> <span class='ocrx_word' id='word_1_267' title='bbox 273 3785 446 3862; x_wconf 71' lang='lat' dir='ltr'>commota,</span> <span class='ocrx_word' id='word_1_268' title='bbox 470 3801 533 3845; x_wconf 91' lang='lat' dir='ltr'>non</span> <span class='ocrx_word' id='word_1_269' title='bbox 550 3781 713 3846; x_wconf 88' lang='lat' dir='ltr'>reddentes</span> <span class='ocrx_word' id='word_1_270' title='bbox 729 3781 848 3846; x_wconf 89' lang='lat' dir='ltr'>malum</span> <span class='ocrx_word' id='word_1_271' title='bbox 872 3801 928 3864; x_wconf 90' lang='lat' dir='ltr'>pro</span> <span class='ocrx_word' id='word_1_272' title='bbox 952 3781 1046 3858; x_wconf 89' lang='lat' dir='ltr'>malo,</span> <span class='ocrx_word' id='word_1_273' title='bbox 1071 3778 1211 3844; x_wconf 89' lang='lat' dir='ltr'>natando</span> <span class='ocrx_word' id='word_1_274' title='bbox 1233 3799 1285 3844; x_wconf 86' lang='lat' dir='ltr'>eas</span> 
     </span>
     <span class='ocr_line' id='line_1_33' title="bbox 138 3883 1284 3971; baseline -0.003 -17"><span class='ocrx_word' id='word_1_275' title='bbox 138 3891 178 3954; x_wconf 89' lang='lat' dir='ltr'>ad</span> <span class='ocrx_word' id='word_1_276' title='bbox 200 3889 301 3953; x_wconf 88' lang='lat' dir='ltr'>solum</span> <span class='ocrx_word' id='word_1_277' title='bbox 324 3885 547 3971; x_wconf 83' lang='lat' dir='ltr'>perduxerunt,</span> <span class='ocrx_word' id='word_1_278' title='bbox 572 3890 764 3970; x_wconf 87' lang='lat' dir='ltr'>quapropter</span> <span class='ocrx_word' id='word_1_279' title='bbox 787 3886 956 3951; x_wconf 64' lang='lat' dir='ltr'>licentiatus</span> <span class='ocrx_word' id='word_1_280' title='bbox 980 3886 1020 3950; x_wconf 88' lang='lat' dir='ltr'>ab</span> <span class='ocrx_word' id='word_1_281' title='bbox 1043 3883 1121 3970; x_wconf 88' lang='lat' dir='ltr'>ipsis</span> <span class='ocrx_word' id='word_1_282' title='bbox 1144 3885 1178 3947; x_wconf 93' lang='lat' dir='ltr'>in</span> <span class='ocrx_word' id='word_1_283' title='bbox 1194 3884 1284 3967; x_wconf 85' lang='lat' dir='ltr'>aquis</span> 
     </span>
     <span class='ocr_line' id='line_1_34' title="bbox 139 3987 1284 4076; baseline -0.008 -16"><span class='ocrx_word' id='word_1_284' title='bbox 139 3999 171 4060; x_wconf 91' lang='lat' dir='ltr'>et</span> <span class='ocrx_word' id='word_1_285' title='bbox 193 3994 227 4059; x_wconf 96' lang='lat' dir='ltr'>in</span> <span class='ocrx_word' id='word_1_286' title='bbox 250 3992 343 4059; x_wconf 90' lang='lat' dir='ltr'>terris</span> <span class='ocrx_word' id='word_1_287' title='bbox 365 3991 404 4056; x_wconf 91' lang='lat' dir='ltr'>ad</span> <span class='ocrx_word' id='word_1_288' title='bbox 426 3990 554 4056; x_wconf 89' lang='lat' dir='ltr'>libitum</span> <span class='ocrx_word' id='word_1_289' title='bbox 577 3996 750 4076; x_wconf 86' lang='lat' dir='ltr'>pascuntur</span> <span class='ocrx_word' id='word_1_290' title='bbox 772 3991 928 4056; x_wconf 82' lang='lat' dir='ltr'>dicenter:</span> <span class='ocrx_word' id='word_1_291' title='bbox 953 3989 1050 4055; x_wconf 91' lang='lat' dir='ltr'>sobrii</span> <span class='ocrx_word' id='word_1_292' title='bbox 1073 3989 1145 4073; x_wconf 86' lang='lat' dir='ltr'>plus</span> <span class='ocrx_word' id='word_1_293' title='bbox 1167 3987 1284 4052; x_wconf 85' lang='lat' dir='ltr'>durant</span> 
     </span>
     <span class='ocr_line' id='line_1_35' title="bbox 139 4093 1283 4186; baseline -0.006 -21"><span class='ocrx_word' id='word_1_294' title='bbox 139 4123 233 4185; x_wconf 90' lang='lat' dir='ltr'>quam</span> <span class='ocrx_word' id='word_1_295' title='bbox 256 4097 376 4186; x_wconf 81' lang='lat' dir='ltr'>gulosi,</span> <span class='ocrx_word' id='word_1_296' title='bbox 399 4096 444 4181; x_wconf 94' lang='lat' dir='ltr'>pii</span> <span class='ocrx_word' id='word_1_297' title='bbox 468 4118 563 4180; x_wconf 86' lang='lat' dir='ltr'>quam</span> <span class='ocrx_word' id='word_1_298' title='bbox 584 4096 742 4160; x_wconf 83' lang='lat' dir='ltr'>invidiosi.</span> <span class='ocrx_word' id='word_1_299' title='bbox 789 4095 841 4161; x_wconf 81' lang='lat' dir='ltr'>Sic</span> <span class='ocrx_word' id='word_1_300' title='bbox 863 4096 957 4182; x_wconf 29' lang='lat' dir='ltr'>enim·</span> <span class='ocrx_word' id='word_1_301' title='bbox 971 4095 1075 4171; x_wconf 91' lang='lat' dir='ltr'>multi,</span> <span class='ocrx_word' id='word_1_302' title='bbox 1099 4093 1209 4180; x_wconf 80' lang='lat' dir='ltr'>gulose</span> <span class='ocrx_word' id='word_1_303' title='bbox 1232 4093 1283 4158; x_wconf 93' lang='lat' dir='ltr'>in-</span> 
     </span>
     <span class='ocr_line' id='line_1_36' title="bbox 104 4199 1283 4288; baseline -0.001 -22"><span class='ocrx_word' id='word_1_304' title='bbox 104 4212 264 4272; x_wconf 67' lang='lat' dir='ltr'>satuentes</span> <span class='ocrx_word' id='word_1_305' title='bbox 290 4205 368 4270; x_wconf 88' lang='lat' dir='ltr'>alios</span> <span class='ocrx_word' id='word_1_306' title='bbox 391 4203 570 4282; x_wconf 86' lang='lat' dir='ltr'>comedere,</span> <span class='ocrx_word' id='word_1_307' title='bbox 593 4202 824 4267; x_wconf 87' lang='lat' dir='ltr'>contristantur</span> <span class='ocrx_word' id='word_1_308' title='bbox 847 4204 1003 4288; x_wconf 86' lang='lat' dir='ltr'>putantes¹</span> <span class='ocrx_word' id='word_1_309' title='bbox 1025 4200 1087 4266; x_wconf 89' lang='lat' dir='ltr'>sibi</span> <span class='ocrx_word' id='word_1_310' title='bbox 1109 4199 1283 4265; x_wconf 87' lang='lat' dir='ltr'>necessaria</span> 
     </span>
     <span class='ocr_line' id='line_1_37' title="bbox 140 4307 1282 4389; baseline -0.008 -12"><span class='ocrx_word' id='word_1_311' title='bbox 140 4313 282 4388; x_wconf 90' lang='lat' dir='ltr'>deficere,</span> <span class='ocrx_word' id='word_1_312' title='bbox 313 4310 367 4375; x_wconf 88' lang='lat' dir='ltr'>sed</span> <span class='ocrx_word' id='word_1_313' title='bbox 390 4307 475 4374; x_wconf 87' lang='lat' dir='ltr'>Deus</span> <span class='ocrx_word' id='word_1_314' title='bbox 503 4307 579 4372; x_wconf 88' lang='lat' dir='ltr'>feeit</span> <span class='ocrx_word' id='word_1_315' title='bbox 610 4307 694 4372; x_wconf 86' lang='lat' dir='ltr'>hune</span> <span class='ocrx_word' id='word_1_316' title='bbox 715 4307 868 4372; x_wconf 90' lang='lat' dir='ltr'>mundum</span> <span class='ocrx_word' id='word_1_317' title='bbox 892 4310 924 4372; x_wconf 84' lang='lat' dir='ltr'>et</span> <span class='ocrx_word' id='word_1_318' title='bbox 946 4307 1068 4384; x_wconf 84' lang='lat' dir='ltr'>omnia,</span> <span class='ocrx_word' id='word_1_319' title='bbox 1098 4307 1223 4389; x_wconf 84' lang='lat' dir='ltr'>quaein</span> <span class='ocrx_word' id='word_1_320' title='bbox 1246 4325 1282 4369; x_wconf 91' lang='lat' dir='ltr'>ec</span> 
     </span>
    </p>
   </div>
   <div class='ocr_carea' id='block_1_5' title="bbox 139 4411 1279 4500">
    <p class='ocr_par' dir='ltr' id='par_1_5' title="bbox 139 4411 1279 4500">
     <span class='ocr_line' id='line_1_38' title="bbox 139 4411 1279 4500; baseline -0.006 -18"><span class='ocrx_word' id='word_1_321' title='bbox 139 4422 221 4482; x_wconf 85' lang='lat' dir='ltr'>sunt.</span> <span class='ocrx_word' id='word_1_322' title='bbox 267 4414 393 4482; x_wconf 88' lang='lat' dir='ltr'>Dicitur</span> <span class='ocrx_word' id='word_1_323' title='bbox 416 4415 487 4480; x_wconf 83' lang='lat' dir='ltr'>Act.</span> <span class='ocrx_word' id='word_1_324' title='bbox 511 4411 623 4494; x_wconf 87' lang='lat' dir='ltr'>XVII,</span> <span class='ocrx_word' id='word_1_325' title='bbox 647 4413 730 4500; x_wconf 90' lang='lat' dir='ltr'>quod</span> <span class='ocrx_word' id='word_1_326' title='bbox 751 4413 819 4498; x_wconf 91' lang='lat' dir='ltr'>ipse</span> <span class='ocrx_word' id='word_1_327' title='bbox 841 4417 900 4493; x_wconf 87' lang='lat' dir='ltr'>est,</span> <span class='ocrx_word' id='word_1_328' title='bbox 922 4413 977 4496; x_wconf 90' lang='lat' dir='ltr'>qui</span> <span class='ocrx_word' id='word_1_329' title='bbox 1000 4413 1055 4480; x_wconf 88' lang='lat' dir='ltr'>dat</span> <span class='ocrx_word' id='word_1_330' title='bbox 1070 4411 1216 4476; x_wconf 88' lang='lat' dir='ltr'>omnibus</span> <span class='ocrx_word' id='word_1_331' title='bbox 1231 4411 1279 4474; x_wconf 89' lang='lat' dir='ltr'>vi-</span> 
     </span>
    </p>
   </div>
   <div class='ocr_carea' id='block_1_6' title="bbox 0 0 1578 4962">
    <p class='ocr_par' dir='ltr' id='par_1_6' title="bbox 0 0 1578 4962">
     <span class='ocr_line' id='line_1_39' title="bbox 0 0 1578 4962; baseline 0 1"><span class='ocrx_word' id='word_1_332' title='bbox 0 0 1578 4962; x_wconf 95' lang='lat' dir='ltr'> </span> 
     </span>
    </p>
   </div>
  </div>
 </body>
</html>
