3172 4962
691 375 751 444 145

149 575 218 640 quae
252 553 311 619 sub
346 553 429 638 ipso
450 553 639 619 consistunt.
692 551 816 617 Ventus
854 574 927 618 vero
961 557 1009 617 est
1045 553 1171 618 siccitas
1193 553 1297 628 terrae,

148 659 311 726 mobilitas
334 680 489 743 aquarum
512 661 545 722 et
568 657 648 722 airis
671 656 878 741 perturbatio.
925 655 968 722 nt
999 657 1073 742 quia
1101 656 1299 742 perturbatio

148 767 230 830 atris
253 769 318 845 est,
349 769 403 830 adr
425 764 530 848 ipsum
552 767 628 829 ante
646 763 784 848 judicem
808 767 841 828 et
863 768 1036 829 creatorem
1060 785 1164 829 rerum
1189 763 1300 828 citauit

148 871 271 938 diceus:
304 893 322 935 o
351 872 474 936 creator
505 873 690 936 cunctorum
720 869 838 952 respice
866 869 901 932 in
923 891 973 934 rnc
1003 873 1035 934 et
1057 869 1204 934 miserere
1226 869 1329 932 mci.-

122 973 234 1040 ⁶Satis
263 997 314 1040 me
343 975 500 1058 amplifice
522 974 702 1052 collocasti,
733 977 864 1058 propter
887 974 971 1058 quod
1002 974 1122 1060 gratias
1145 973 1206 1038 tibi
1228 993 1299 1058 ago,

150 1081 225 1165 qnia
247 1081 345 1146 vitam
371 1080 513 1145 omniurn
536 1080 711 1145 viventium
733 1078 813 1144 mibi
835 1079 1039 1145 constituisti.
1085 1077 1145 1144 Sed
1177 1079 1210 1142 in
1242 1077 1302 1141 hoc

148 1186 299 1270 deceptus
321 1207 402 1263 sum,
427 1185 502 1268 quia
524 1189 636 1250 ventus
658 1184 710 1250 bic
733 1207 784 1250 me
806 1205 929 1268 semper
944 1185 1114 1270 infrigidat
1135 1189 1168 1250 et
1183 1185 1300 1248 intern-

149 1296 296 1376 peratum
320 1313 370 1356 me
393 1290 505 1357 reddit.
552 1290 673 1356 Idcirco
696 1290 745 1355 illi
768 1291 848 1369 dico,
871 1291 965 1374 quod,
992 1289 1077 1353 siin
1099 1311 1149 1354 mc
1171 1287 1301 1354 sufflare

150 1396 283 1461 ulterius
306 1400 486 1480 praesumat,
509 1395 613 1480 ipsum
636 1396 806 1462 suffocabo.
852 1395 909 1460 oui
933 1399 1072 1461 creatori
1107 1394 1189 1458 male
1212 1393 1300 1472 dicis,

110 1516 136 1556 10
150 1506 221 1577 a'e'r;
246 1503 358 1566 ventus
382 1501 490 1585 itaque
512 1501 538 1564 si
562 1505 594 1566 te
617 1501 786 1586 infrigidat
808 1505 841 1565 et
863 1487 1018 1576 verberat,
1042 1503 1148 1564 tamen
1171 1504 1203 1563 te
1223 1521 1300 1583 pur·

150 1609 263 1691 gutum
285 1608 318 1670 et
340 1609 553 1690 temperatum
574 1607 687 1671 reddit.
732 1604 767 1671 Si
788 1627 863 1690 ergo
886 1609 999 1671 ventus
1023 1606 1055 1669 in
1072 1609 1105 1669 te
1120 1627 1183 1670 non
1198 1603 1300 1683 flaret,

150 1710 296 1774 infirmus
320 1715 352 1775 et
374 1711 522 1776 taediosus
546 1716 577 1776 ct
593 1716 760 1796 corruptus
775 1711 925 1776 existeres
949 1714 982 1774 et
996 1709 1144 1775 omnibus
1156 1710 1300 1786 odiosus;

151 1818 344 1898 quapropter
367 1837 438 1879 eum
462 1815 729 1900 diligere-debes,
763 1815 816 1899 qui
841 1814 874 1879 iu
898 1814 1092 1900 perfectione
1114 1819 1145 1878 et
1168 1814 1300 1879 rectitu-

151 1919 225 1984 dine
247 1923 280 1983 te
302 1923 473 1987 conservat.
520 1920 585 1986 aar
608 1926 714 1987 autem
737 1925 863 1987 avanto
879 1920 1007 1984 sedatus
1022 1919 1082 1984 ait:
1105 1921 1300 2002 correptores

109 2055 136 2094 15
151 2046 257 2089 amare
281 2025 429 2090 debemus
451 2029 484 2090 et
506 2027 643 2108 portare.
689 2023 740 2089 Ita
763 2024 898 2109 quilibet
920 2026 1116 2106 correptores
1137 2023 1246 2088 audiat
1269 2029 1302 2088 et
1367 2067 1370 2074 -

150 2129 284 2213 diligat,
309 2133 440 2212 propter
463 2127 653 2222 quodlviam
677 2129 837 2212 aequitatis
859 2127 910 2192 illi
932 2128 1159 2192 demonstrant.
1205 2126 1301 2192 Infir-

150 2253 220 2298 mus
244 2235 338 2313 enim,
363 2235 417 2317 qui
440 2233 508 2298 odit
528 2231 685 2302 amedioo
708 2254 847 2320 amaram
870 2233 1032 2314 potionem
1054 2233 1206 2316 accipere,
1232 2255 1294 2297 non

150 2339 274 2424 petitur
295 2338 443 2416 securari,
467 2341 500 2402 et
522 2337 568 2401 sic
590 2359 656 2401 non
678 2336 878 2401 liberabitur.
925 2333 966 2399 Et
997 2337 1052 2420 qui
1079 2337 1148 2400 odit
1178 2358 1299 2401 correc-

150 2447 263 2522 torem,
288 2465 350 2508 non
374 2444 539 2529 dirigetur.
586 2442 676 2506 Tunc
698 2463 773 2507 vcro
793 2441 861 2506 odit
876 2442 1032 2506 medicum
1047 2441 1150 2518 bomo,
1175 2440 1301 2526 quando

112 2571 139 2609 ro
152 2553 359 2613 correctorem
383 2571 473 2614 suum
498 2545 566 2613 odit
588 2551 621 2611 et
644 2567 708 2612 non
730 2547 875 2611 sustinet.
921 2545 1113 2611 Saliorum
1137 2549 1194 2624 cst,
1219 2545 1303 2629 quod

150 2651 197 2715 ait
228 2649 489 2736 Chrysostomus:
524 2653 660 2718 incurrit
689 2653 796 2718 odium
827 2653 882 2737 qui
906 2652 1014 2737 arguit
1036 2649 1238 2728 criminosos,
1269 2655 1301 2715 et

151 2754 285 2822 Seneca:
313 2757 368 2841 qui
390 2759 498 2842 arguit
521 2759 677 2842 iniquum,
701 2759 768 2843 ipse
789 2757 851 2822 sibi
866 2757 1023 2822 maculam
1040 2755 1162 2840 quaerit.
1210 2755 1302 2820 Tales

151 2863 236 2927 enim
260 2884 324 2927 non
348 2868 422 2926 suut
445 2863 622 2946 sapientes,
657 2865 720 2927 imo
751 2863 843 2928 stulti
873 2863 950 2952 facti
973 2864 1057 2927 sunt.
1103 2858 1203 2925 Prout
1226 2860 1304 2926 dicit

11 3003 12 3006 ¹
133 2967 410 3033 ‘Ecclesiasticusz
434 2968 489 3050 qui
512 2972 598 3031 amat
621 2967 749 3052 corripi,
768 2967 894 3052 sapiens
918 2972 981 3044 cst,
1005 2966 1122 3030 stultus
1146 2971 1252 3031 autem
1274 2966 1302 3030 si

112 3098 139 3137 rs
152 3072 341 3156 corripitur,
372 3072 528 3136 irascitur.
587 3070 668 3156 lingo
697 3073 820 3156 corrige
850 3072 1023 3154 sapientem
1054 3076 1086 3134 et
1115 3071 1229 3156 diliget
1260 3075 1302 3150 te,

152 3173 245 3241 Prov'.
270 3175 326 3242 IX.
373 3175 507 3262 Legitur
530 3177 564 3240 in
587 3177 654 3242 vita
677 3175 856 3253 Ambrosii,
880 3175 981 3258 quod,
1013 3197 1085 3240 cum
1109 3174 1330 3248 Theodosius,

153 3283 324 3364 imperator
349 3283 499 3366 quosdam
524 3282 606 3346 cives
623 3283 693 3346 sine
705 3281 825 3365 judicio
847 3285 878 3343 et
895 3279 1122 3344 deliberatione
1137 3281 1301 3363 puniisset,

152 3385 341 3450 Ambrosius
357 3385 609 3471 archiepiscopus
626 3385 870 3450 Mediolanensis
883 3385 923 3448 ab
938 3385 1068 3448 ecclesia
1084 3385 1205 3468 expulit
1221 3406 1302 3462 eum,

153 3491 229 3556 licet
251 3497 332 3556 esset
355 3490 530 3556 catholicus
554 3491 735 3574 imperator.
782 3490 859 3555 Cum
894 3489 1066 3573 imperator
1088 3488 1147 3553 boc
1170 3489 1303 3567 audiret,

112 3621 139 3659 ao
154 3597 217 3660 ait:
251 3617 326 3660 narn
356 3601 387 3659 et
409 3595 510 3660 David
541 3595 732 3660 adulterium
764 3594 923 3660 commisit
946 3598 979 3659 εὴ
1000 3591 1215 3659 homicidium.
1262 3593 1304 3659 Et

153 3701 192 3765 sd
222 3701 287 3765 baec
309 3699 517 3765 Ambrosius:
550 3701 577 3764 si
600 3705 725 3765 secutus
756 3721 788 3764 ee
812 3704 988 3777 errantem,
1018 3720 1146 3782 sequere
1180 3703 1211 3763 et
1234 3722 1303 3765 cor-

153 3807 321 3892 rigentem.
368 3804 546 3888 Imperator
577 3809 683 3870 autem
713 3804 772 3868 hoc
803 3803 933 3868 audiens
963 3809 1169 3887 compunctus
1200 3806 1303 3888 poeni·

153 3911 287 3976 tentiam
312 3910 378 3996 egit
400 3915 432 3976 et
455 3911 517 3974 ait:
548 3911 655 3975 inveni
687 3909 847 3974 hominem
870 3910 973 3974 virum
997 3910 1143 3975 veritatis
1167 3911 1303 3976 Ambro-

151 4017 234 4080 sium
257 4015 456 4101 episcopum!
485 4015 528 4079 Et
551 4016 682 4091 statuit,
711 4019 748 4079 ut
778 4014 885 4079 nullus
916 4015 1010 4081 homo
1039 4015 1237 4100 judicaretur
1265 4018 1304 4082 ad

114 4141 140 4178 as
154 4126 288 4186 mortem
311 4127 386 4186 ante
416 4120 629 4206 quadraginta
659 4120 742 4197 dies,
773 4123 810 4182 ut
838 4121 946 4184 sedata
976 4121 1024 4185 ira
1054 4121 1166 4186 melius
1199 4127 1305 4186 mente

148 4231 299 4291 serenata
321 4226 454 4310 aequitas
476 4226 636 4290 videretur
660 4224 694 4288 in
712 4223 894 4307 judicando,

427 4398 482 4464 Dc
504 4399 660 4466 littore
682 4404 722 4465 et
742 4399 869 4479 nrari,
892 4399 966 4465 dial
991 4406 1020 4465 8.

207 4559 369 4602 semirutae
523 4609 532 4628 .
1054 4543 1093 4608 10
