3146 4962
161 520 258 588 edam
280 519 384 588 filium
407 544 446 588 ex
466 523 598 608 propria
617 525 720 588 matre
742 523 871 589 nomine
894 519 1031 603 Babilio,
1055 521 1109 610 q'ui
1132 525 1165 589 et
1179 520 1311 589 Babilo·

163 627 248 694 niam
273 628 450 713 ampliavit.

377 802 432 869 De
454 803 621 890 gallina
643 808 684 869 et
706 802 921 883 columba,
945 804 1020 872 dial.
1044 809 1096 873 60.

251 941 380 1008 Gallina
401 947 434 1007 st
456 942 604 1011 columba
625 942 720 1008 simul
742 943 853 1008 nidum
875 943 1021 1010 fecerunt
1042 949 1074 1010 et
1096 943 1312 1023 morabantur,

136 1049 217 1116 asad
240 1047 425 1114 multotiens
447 1049 645 1127 rixabantur,
668 1052 837 1134 propterea
860 1048 944 1134 quod
966 1071 1030 1114 nna
1052 1047 1148 1114 nimis
1171 1047 1313 1125 canebat,

164 1153 266 1220 altere
287 1175 361 1219 vero
384 1153 520 1219 nimium
543 1153 697 1220 ululabat
745 1153 875 1219 Gallina
902 1156 1009 1219 autem
1040 1153 1116 1218 dum
1141 1151 1313 1236 prospicie-

165 1259 221 1324 bat
242 1256 325 1322 filios
348 1258 501 1324 columbae
516 1258 672 1345 jugulari,
696 1259 870 1344 plurimum
900 1258 1070 1325 letabatur
1099 1261 1131 1323 at
1153 1256 1314 1335 cantabat,

165 1363 297 1446 ideoque
319 1362 466 1428 columba
487 1385 521 1428 se
543 1363 696 1429 turbabat
715 1364 837 1430 dicens:
870 1366 906 1429 tn
929 1363 1067 1450 gallina,
1090 1383 1155 1428 non
1178 1363 1226 1426 vis
1250 1382 1315 1426 me·

165 1489 237 1536 cum
260 1466 439 1545 condolere,
472 1489 545 1534 cum
576 1468 730 1552 prospicis
761 1491 846 1533 meos
876 1467 960 1534 filios
989 1466 1156 1552 jugulari?
1187 1464 1315 1532 Gallina

123 1594 150 1630 ιο
165 1592 240 1638 vero
263 1572 515 1639 contradicebat:
539 1577 576 1638 tu
598 1573 701 1658 magis
724 1594 790 1638 non
812 1574 860 1638 vis
882 1575 1010 1638 cantare
1032 1592 1166 1650 mecum,
1188 1591 1259 1638 curn
1275 1570 1313 1636 de

163 1677 336 1742 visceribus
357 1677 454 1744 educo
477 1699 589 1756 curm,
623 1682 656 1743 et
679 1701 699 1744 a
721 1678 780 1744 tali
803 1677 943 1763 periculo
966 1677 1101 1744 liberor!
1132 1674 1202 1742 Hac
1231 1675 1315 1739 enim

162 1783 201 1847 de
223 1803 318 1847 causa
339 1782 435 1846 simul
458 1782 760 1866 qnaestionabantur,
784 1783 867 1848 unde
891 1783 929 1848 ad
946 1782 1087 1868 aquilam
1107 1785 1316 1866 perrexerunt

163 1887 317 1953 dicentes:
337 1885 445 1970 judica
466 1887 552 1952 inter
575 1909 642 1966 nos,
666 1910 685 1952 o
708 1888 836 1974 regina,
868 1889 895 1952 si
919 1886 1015 1953 simul
1036 1908 1094 1953 nos
1116 1887 1261 1952 habitare
1283 1891 1316 1952 et

61 1981 73 1995 ’
165 1991 353 2057 commorari
374 1991 535 2075 competit.
582 1992 702 2076 Aquila
723 2014 797 2058 vero
820 1992 1010 2058 sententiam
1033 1990 1159 2076 publice
1174 1993 1316 2058 exaravit

125 2116 153 2154 ιι
166 2095 293 2162 diosus:
315 2095 381 2162 laeti
403 2099 489 2162 stent
504 2117 576 2162 cum
590 2096 734 2164 liberatis
750 2097 921 2181 tristesque
935 2119 1007 2162 cum
1022 2095 1194 2162 tribulatis.
1241 2095 1314 2160 Non

166 2200 251 2264 enim
276 2198 466 2266 conveniens
489 2204 546 2280 est,
571 2201 688 2268 hilares
711 2205 743 2268 et
761 2201 917 2286 jucundos
941 2223 1013 2266 cum
1035 2200 1097 2279 his,
1121 2199 1231 2285 quiin
1254 2199 1316 2265 tri·

166 2304 257 2369 stitia
278 2303 375 2386 positi
397 2307 483 2383 sunt,
507 2304 650 2389 spatiari,
674 2329 731 2372 nec
753 2306 963 2372 amaricantes
985 2310 1018 2370 et
1038 2306 1147 2370 tristes
1169 2325 1239 2369 cum
1261 2305 1315 2369 lae-

166 2407 318 2473 tabundis
340 2408 455 2488 locari,
486 2410 541 2476 sed
570 2411 653 2476 sicut
675 2411 722 2476 ait
743 2410 906 2496 apostolus
928 2410 969 2476 ad
992 2409 1084 2475 Rom.
1107 2408 1206 2476 XIl⁰:
1235 2429 1315 2495 gau-

166 2511 236 2578 dete
259 2533 331 2578 cum
353 2513 567 2595 gaudentibus
589 2519 622 2580 et
642 2515 715 2582 flete
737 2537 809 2580 cum
834 2515 994 2581 flentibus.
1040 2513 1101 2582 Sed
1116 2518 1203 2592 nota,
1231 2513 1315 2597 quod

125 2646 152 2684 ao
166 2616 266 2684 nimia
287 2617 401 2683 latitia
423 2618 595 2702 aliqnando
617 2618 723 2686 subito
745 2619 871 2699 occidit,
895 2619 971 2704 quia
992 2639 1046 2686 cor
1067 2624 1145 2685 tunc
1163 2619 1315 2684 dilatatur

165 2725 199 2786 st
219 2721 306 2800 calor,
326 2722 366 2786 ad
389 2723 546 2789 exteriora
568 2726 687 2790 transit
708 2733 741 2790 et
763 2747 817 2790 cor
840 2723 946 2790 deficit
969 2727 1000 2790 st
1023 2745 1107 2791 mors
1129 2723 1314 2791 intervenit.

166 2825 258 2892 Unde
280 2826 426 2894 Valerius
449 2827 566 2908 refert,
590 2830 674 2914 quod
695 2851 767 2896 cum
790 2829 914 2896 cuidam
937 2828 1064 2896 mulieri
1085 2849 1171 2894 mors
1185 2827 1244 2894 filii
1260 2830 1316 2895 ab·

165 2930 264 2996 sentis
286 2953 323 2996 ex
346 2952 451 2996 errore
473 2931 585 2998 firisset
617 2934 787 3026 nuqciata,
820 2934 896 3000 dum
925 2933 982 2999 illa
1014 2953 1151 3000 moerens
1184 2935 1316 3012 sederet,

165 3034 272 3100 subito
293 3035 378 3100 filius
400 3035 537 3116 advenit,
562 3059 656 3121 quern
679 3039 735 3104 illa
757 3038 867 3104 videns
889 3039 923 3104 in
945 3039 1126 3123 amplexum
1140 3039 1207 3123 ejus
1221 3039 1317 3104 irruit

126 3165 152 3204 aa
166 3143 199 3206 et
229 3161 303 3204 mox
334 3141 516 3208 exanimata
546 3143 674 3208 corruit.
721 3142 869 3209 Tristitia
890 3149 997 3209 autem
1017 3164 1082 3209 non
1105 3143 1169 3208 cito
1191 3141 1316 3220 occidit,

167 3245 241 3328 quia
271 3245 305 3310 in
327 3246 463 3312 tristitia
492 3247 580 3331 prior
609 3248 784 3314 retrahitur
806 3249 893 3314 calor
915 3247 1072 3316 naturalis
1102 3248 1141 3314 ed
1165 3247 1318 3312 interiora

165 3351 198 3416 et
229 3349 305 3415 talis
336 3351 471 3437 agitatio
501 3352 614 3418 caloris
647 3352 769 3437 praebet
797 3353 1033 3419 nutrimentum
1055 3352 1090 3418 in
1113 3351 1263 3422 membris
1286 3354 1318 3416 et

165 3458 314 3536 operatur
336 3457 611 3542 consumptionem
633 3457 667 3522 iu
690 3457 757 3522 illis
789 3459 822 3522 st
851 3456 921 3522 ideo
951 3477 1009 3540 per
1031 3477 1212 3542 processum
1233 3459 1317 3520 tem·

166 3558 252 3640 poris
275 3560 417 3642 sequitur
439 3561 553 3641 ethica,
576 3561 669 3628 Prov.
686 3561 798 3629 XVII:
821 3561 951 3647 spiritus
965 3562 1069 3626 tristis
1083 3561 1220 3626 exsiccat
1234 3581 1315 3624 ossa.

126 3689 152 3728 ao
166 3658 258 3726 Unde
280 3662 452 3745 probatur,
484 3667 569 3749 quod
599 3667 712 3732 laetitia
735 3668 846 3733 mundi
876 3671 926 3733 est
950 3668 1033 3732 sicut
1055 3665 1166 3730 vinum
1188 3685 1313 3748 purum,

165 3763 289 3848 dejicit,
321 3766 382 3830 nisi
410 3769 532 3834 salubri
561 3771 696 3838 tristitia
718 3775 919 3858 temperetur.
965 3769 1065 3838 Juxta
1093 3760 1173 3834 issud
1195 3769 1312 3836 Flecles.

164 3866 266 3934 VH0:
288 3871 402 3938 melius
425 3879 474 3940 est
496 3875 542 3940 ire
564 3875 603 3942 ad
627 3877 753 3942 domum
777 3878 881 3944 luctus
904 3899 1000 3962 quam
1022 3875 1062 3940 ad
1084 3874 1212 3940 domum
1239 3895 1315 3939 con·

164 3972 251 4040 vivii.
297 3974 409 4042 Refert
431 3978 574 4060 Tullius,
608 3983 711 4066 quod,
743 3983 869 4066 quando
891 3981 990 4066 aliqui
1012 3978 1156 4046 consules
1179 3977 1315 4044 Romam

164 4078 312 4146 redibant
320 4081 463 4166 victores,
477 4084 593 4168 triplex
603 4086 705 4152 honor
713 4086 811 4153 fiebat
818 4087 866 4152 iis.
897 4085 1035 4164 Primus,
1050 4085 1134 4168 quod
1150 4083 1252 4150 omnis
1259 4105 1318 4168 po·

126 4213 152 4253 aa
169 4184 264 4270 pulos
286 4187 349 4253 sibi
372 4209 443 4254 cum
453 4189 568 4256 latitia
589 4191 748 4272 obviabat,
771 4192 935 4278 secundus,
958 4189 1043 4275 quod
1059 4209 1168 4254 omnes
1191 4187 1320 4271 captivi,

170 4313 248 4376 quos
264 4297 399 4377 caperat,
425 4295 492 4380 ejus
509 4315 634 4361 currum
650 4295 769 4381 junctis
784 4296 933 4362 manibus
946 4293 1170 4378 sequebantur,
1194 4294 1318 4373 tertius,

168 4397 243 4483 quia
264 4397 332 4485 ipse
352 4399 455 4466 victor
477 4400 609 4468 indutus
632 4401 742 4470 tunica
763 4401 853 4470 Jovis
875 4401 910 4468 in
933 4421 1028 4468 curru
1049 4398 1199 4481 sedebat,
1224 4419 1319 4484 quem
1454 4411 1456 4416 '
