3146 4962
830 363 895 426 254

293 528 407 595 illicita
429 536 477 596 eet
499 529 582 615 apud
605 553 663 596 nos
686 533 805 597 ventris
827 535 985 612 extensio,
1015 536 1147 620 proinde
1178 558 1288 600 sumus
1318 538 1439 622 absque

293 635 481 720 {egritudine
510 640 543 700 et
574 637 628 701 diu
658 637 809 715 vivimus,
840 640 911 703 sani
944 661 1052 704 eumue
1085 661 1143 705 nec
1172 643 1263 706 nobis
1296 642 1438 727 aliquam

293 740 480 806 medicinam
504 741 647 808 facimus.
692 740 751 806 Isti
776 743 875 808 solam
892 744 1174 823 immortalitatem,
1198 768 1260 829 qua
1275 746 1437 827 carebant,

293 845 333 910 ab
364 844 546 912 Alexandro
578 847 789 931 quaerebant..
824 847 899 911 Fuit
931 849 1049 912 nostris
1081 850 1277 934 temporibus
1306 851 1436 935 quidam

293 949 442 1033 antiquus
465 971 579 1030 senex,
614 951 668 1034 qui
691 951 772 1016 vixit
801 951 911 1016 multia
932 953 1041 1030 annia,
1064 974 1196 1038 cumque
1219 955 1436 1041 interrogatus

291 1058 383 1132 esset,
406 1075 503 1138 quare
525 1058 651 1120 tantum
674 1059 707 1120 et
728 1054 851 1120 tamdiu
873 1077 969 1121 senua
989 1058 1125 1136 vivebat,
1148 1060 1327 1142 respondit:
1351 1083 1436 1124 nun·
1562 1097 1563 1136 i

292 1182 386 1243 quam
410 1161 531 1224 surrexi
558 1182 578 1225 a
604 1181 712 1224 mensa
733 1161 780 1224 ita
802 1163 908 1240 satur,
938 1161 1021 1246 quod
1044 1167 1193 1248 gramtua
1215 1169 1297 1228 esset
1325 1169 1437 1230 venter

292 1286 389 1344 meus,
413 1287 470 1330 nec
491 1265 585 1330 etiam
595 1266 797 1331 fleubotomia
819 1288 893 1331 usus
916 1289 995 1347 eum,
1020 1269 1183 1333 mulierem
1199 1269 1333 1354 denique
1348 1292 1431 1333 nun·
1562 1279 1563 1290 ¹

291 1391 387 1452 quam
410 1371 552 1466 cpgnovi.
597 1371 657 1436 His
680 1371 783 1435 tribus
806 1372 968 1437 decausis
991 1373 1045 1437 diu
1067 1377 1100 1438 et
1121 1395 1216 1438 sanus
1238 1374 1408 1459 permansi.

252 1567 278 1606 ιο
492 1543 546 1610 De
568 1544 764 1630 capriolo
783 1545 1038 1628 joculatore,
1062 1547 1134 1613 dial.
1162 1552 1232 1614 104.

377 1686 541 1770 Capriolus
581 1689 708 1771 quidam
745 1693 813 1753 erat
852 1689 1131 1754 excellentissimus
1165 1689 1338 1772 joculator,
1377 1689 1432 1771 qui

291 1793 416 1878 egregie
438 1793 604 1869 cantabat,
634 1793 830 1876 tripudiabat
859 1799 891 1858 et
912 1793 1216 1870 sermocionabatur,
1246 1799 1355 1858 tamen
1378 1791 1433 1856 de-

289 1897 408 1962 vitatus
431 1896 616 1974 habebatur,
640 1903 771 1982 propter
794 1899 878 1982 quod
901 1899 1034 1963 nimium
1053 1897 1270 1982 joculabatur,
1301 1899 1433 1982 ideoque

289 2002 487 2087 pauperrime
507 2000 650 2086 degebat.
695 2001 836 2078 Quadam
859 2008 964 2068 autem
988 2003 1054 2068 vice
1082 2004 1121 2066 ad
1144 2023 1250 2088 regem
1281 2024 1432 2086 propera·

251 2128 276 2167 re
290 2108 338 2173 vit
360 2108 482 2172 dicens:
505 2107 641 2184 domine,
664 2106 751 2171 velut
773 2108 869 2186 scitia,
893 2108 1012 2192 optime
1030 2107 1164 2190 joculari
1187 2108 1252 2171 acio
1270 2107 1357 2172 ultra
1371 2129 1430 2172 cer·

289 2217 383 2291 teros,
407 2214 460 2278 sed
483 2234 547 2278 non
570 2212 706 2277 libenter
728 2212 762 2276 in
785 2218 840 2278 tuo
863 2234 961 2300 regno
984 2214 1111 2278 auditus
1126 2235 1212 2289 sunm
1234 2199 1330 2277 multi
1346 2214 1430 2278 enim

288 2339 354 2382 non
376 2317 423 2383 ita
440 2317 574 2402 joculari
597 2319 701 2384 sciunt
723 2322 756 2382 et
777 2318 934 2403 amplifice
956 2322 1184 2395 munerantur,
1205 2318 1255 2384 fac
1277 2318 1358 2382 mihi
1378 2341 1429 2382 ra-
1560 2371 1563 2390 .

288 2425 417 2490 tionem.
463 2424 520 2490 Oui
543 2445 615 2489 rex:
645 2423 727 2488 sieut
755 2424 850 2503 dicia,
883 2423 1004 2488 urbane
1022 2423 1155 2506 joculari
1176 2423 1254 2500 acis,
1285 2424 1340 2487 sed
1371 2422 1430 2487 boc

288 2529 321 2594 in
343 2534 377 2594 te
398 2529 511 2593 vitium
534 2533 598 2607 est,
629 2529 712 2613 quod
741 2529 838 2593 nimis
867 2528 974 2592 omnia
996 2527 1074 2598 facis
1104 2531 1136 2592 et
1157 2525 1234 2592 diois
1256 2528 1318 2605 ita,
1347 2528 1429 2612 quod

249 2652 274 2691 πο
288 2636 450 2699 audientes
465 2632 691 2709 fastidientem
715 2634 742 2698 si
764 2634 812 2697 vie
836 2654 912 2717 ergo
934 2633 1071 2698 libenter
1092 2653 1158 2697 ease
1179 2632 1315 2710 auditus,
1339 2632 1429 2696 stude

287 2743 460 2823 temperate
492 2737 579 2822 loqui
614 2741 646 2803 et
673 2738 817 2820 joculari.
882 2738 1046 2822 Capriolua
1077 2741 1182 2802 autem
1213 2735 1273 2802 boc
1304 2736 1425 2802 faciens

288 2843 475 2927 quantocius
498 2865 531 2908 ee
554 2843 670 2908 ditavit
691 2843 812 2908 dicens:
842 2843 945 2907 dulcia
973 2845 1048 2906 sunt
1076 2843 1216 2926 agitata,
1247 2842 1276 2905 si
1305 2863 1443 2927 semper¹

287 2952 364 3015 sunt
384 2953 568 3033 temperata.
614 2947 665 3013 Ita
687 2953 718 3012 et
740 2970 798 3013 noa
820 2969 913 3033 agere
936 2947 1098 3012 debemus:
1121 2967 1158 3011 ea
1174 2967 1243 3029 quse
1260 2946 1375 3012 seimus
1397 2949 1430 3010 et

287 3055 421 3139 agimus,
444 3055 492 3120 ita
513 3059 686 3137 temperate
708 3073 848 3139 agamus,
871 3053 955 3136 quod
976 3051 1103 3116 fastidio
1126 3072 1190 3114 non
1208 3071 1427 3133 appareamus.

248 3173 273 3214 2⁵
287 3157 374 3224 Dicit
396 3158 480 3224 enim
504 3158 659 3224 Isidorus:
687 3179 779 3222 omne
807 3157 889 3241 quod
917 3160 966 3221 eat
993 3157 1145 3234 nimium,
1175 3156 1372 3220 convertitur
1393 3156 1428 3220 in

285 3263 457 3330 fastidium.
502 3263 593 3329 Unde
616 3264 743 3347 quidem
764 3261 973 3327 versificator:
996 3283 1061 3327 non
1084 3260 1162 3325 bene
1184 3261 1351 3339 ducuntur,
1374 3261 1425 3326 ni-

285 3369 384 3433 mium
407 3371 462 3453 qui
485 3368 580 3433 verba
600 3368 791 3452 loquuntur,
818 3367 1008 3449 decipientes
1030 3387 1101 3431 aves
1124 3388 1179 3451 per
1202 3371 1313 3430 cantus
1344 3387 1427 3450 saepe

286 3495 404 3540 suaves.
451 3473 583 3550 Quidam
606 3473 757 3558 parvulus
771 3473 981 3557 interrogavit
996 3492 1102 3536 senem
1118 3471 1286 3556 quemdam
1301 3471 1429 3536 dicens:

284 3577 403 3644 bonum
426 3583 475 3644 eat
495 3579 584 3663 loqui
606 3599 648 3643 an
670 3582 789 3655 tacere,
815 3579 930 3660 pater?
959 3576 1017 3642 Cui
1040 3599 1147 3643 senex:
1180 3578 1208 3640 si
1230 3581 1306 3642 sunt
1329 3577 1425 3641 verba

246 3697 272 3740 ³0
286 3683 431 3762 inutilia,
465 3683 590 3748 dimitte
611 3704 662 3761 ea,
686 3683 713 3746 si
735 3686 840 3746 autem
862 3681 945 3746 bona
967 3687 1060 3760 aunt,
1094 3703 1156 3746 non
1179 3681 1233 3745 diu
1255 3683 1423 3765 protrahas

285 3788 339 3853 aed
367 3788 431 3853 cito
462 3788 564 3853 incide
595 3789 678 3872 quod
701 3787 847 3872 loqueris.
894 3785 974 3861 Quia
1005 3787 1120 3851 dicitur
1150 3785 1233 3852 Eeol.
1265 3785 1426 3851 XXXII⁰r

285 3893 476 3970 adolescens,
500 3893 627 3975 loquere
649 3892 750 3956 intus
772 3913 865 3956 causa
885 3892 949 3968 vix,
972 3892 999 3955 ai
1023 3891 1071 3955 bis
1087 3892 1301 3975 interrogatus
1318 3889 1427 3970 bieria,

284 3997 401 4064 habeat
423 4000 517 4080 caput
539 4019 723 4080 responsum
746 4001 846 4061 tuum.
892 3995 954 4061 Ubi
978 4000 1052 4062 sunt
1075 4017 1180 4076 senes,
1204 4018 1268 4061 non
1291 3995 1428 4061 multum

283 4102 425 4188 loquaris
456 4107 488 4167 et
521 4101 552 4165 iu
584 4101 686 4167 medio
710 4105 888 4166 senatorum
922 4123 961 4166 ne
983 4101 1110 4185 adjicias
1134 4099 1230 4185 loqui.
1277 4100 1316 4164 In
1339 4099 1428 4166 Vitia

243 4229 270 4268 aa
283 4208 414 4274 Petrum
439 4208 566 4291 quidam
589 4206 798 4292 interrogavit
820 4229 927 4297 senem
950 4206 1073 4282 diceus3
1098 4227 1197 4289 usque
1219 4226 1282 4288 quo
1298 4226 1428 4270 servan·

285 4313 359 4378 dum
382 4318 430 4377 est
452 4312 638 4377 silentium?
661 4311 719 4375 (tui
741 4311 919 4395 respondit:
950 4333 1049 4395 usque
1073 4310 1111 4375 ad
1134 4311 1426 4396 interrogationem.

284 4416 321 4482 In
339 4417 425 4480 omni
440 4417 518 4492 loco,
542 4415 568 4478 ei
584 4416 761 4480 taciturnus
780 4414 887 4492 sooria,
904 4415 1044 4499 requiem
1059 4415 1199 4494 habebis,
1224 4437 1323 4480 unum
1338 4436 1428 4480 serva
