3044 4956
836 327 878 392 34

274 498 464 566 sacrificium
486 502 637 580 abolebit,
660 502 718 566 aub
742 523 804 585 quo
827 499 988 566 laborabit
1008 500 1148 586 graviter
1171 503 1203 565 11
1229 501 1430 585 opprimetur

276 604 411 688 veritae,
447 605 501 690 qui
535 628 592 691 pro
623 628 681 670 aua
709 605 843 671 libidine
864 609 897 668 11
920 605 1078 668 arbitratu
1100 605 1341 682 dominabitur,
1377 606 1429 670 1111

273 709 410 774 feliciter
441 711 549 776 omnia
580 712 710 789 cedent,
741 711 795 794 qui
819 711 921 774 Deum
944 731 1071 774 suorum
1094 709 1249 792 majorum
1272 733 1425 794 asperna-

273 814 371 893 bitur,
396 815 451 898 qui
475 837 539 879 non
562 817 718 881 afficietur
741 814 873 880 honesto
894 821 926 878 11
941 814 1030 879 111110
1045 835 1122 899 erga
1138 814 1284 878 mulieres
1300 813 1428 894 affeetu,

274 919 331 1002 qui
355 941 472 985 novum
494 921 555 986 sibi
580 921 670 984 deum
694 921 812 1005 finget,
844 941 977 1002 eumque
1008 919 1091 983 00111
1120 939 1197 982 auro
1226 922 1259 982 et
1281 919 1428 1003 gemmis,

274 1025 329 1110 qui
352 1025 480 1090 diotae
503 1026 589 1090 orus
612 1009 822 1110 largienter
845 1024 1164 1099 distribuam,
1188 1023 1243 1106 qui
1267 1023 1428 1106 adjutores

273 1129 334 1212 ipsi
357 1135 451 1194 erunt
473 1131 505 1194 in
531 1130 700 1194 excolendo
723 1131 796 1207 illo,
821 1152 913 1215 quam
937 1129 997 1193 sibi
1022 1129 1131 1205 finxit,
1155 1129 1222 1206 deo,
1247 1129 1301 1212 qui
1325 1128 1429 1193 modis

273 1233 421 1298 omnibus
443 1234 577 1312 florebit,
602 1235 700 1298 donee
722 1233 904 1298 efferbuerit
927 1234 975 1297 ira
999 1231 1067 1310 Dei,
1091 1237 1168 1297 tuno
1191 1233 1358 1310 futurum,
1390 1235 1429 1296 ut

273 1342 422 1416 corruat,
457 1342 489 1402 11
520 1339 590 1402 sine
621 1361 779 1404 armorum
804 1338 941 1421 strepitu
964 1335 1173 1401 labefactetur
1196 1341 1292 1402 totus.
1338 1335 1426 1416 Hoec,

272 1441 415 1525 inquam,
439 1442 547 1506 omnia
568 1446 645 1506 sunt
667 1465 686 1506 a
707 1442 841 1507 Daniele
863 1439 1119 1524 praesignificata.

272 1546 345 1612 Jam
381 1568 474 1626 vero,
510 1552 666 1631 quantum
698 1547 736 1611 ad
761 1545 899 1610 Romani
932 1545 1056 1628 imperii
1079 1545 1204 1608 ruinam
1227 1548 1260 1610 et
1280 1567 1429 1610 oceasum

272 1650 421 1734 pertinet,
445 1657 569 1716 oonstat
592 1652 778 1716 vaticinium
801 1650 861 1715 1101
885 1649 1051 1733 impletum
1067 1654 1100 1714 11
1115 1643 1289 1734 perfeetum
1304 1671 1381 1716 esse.
1403 1652 1408 1733 Ι

362 1754 518 1839 Quicquid
551 1756 636 1820 enim
660 1756 796 1820 Romani
829 1754 878 1820 vel
909 1777 964 1838 per
990 1753 1146 1838 Europam
1170 1755 1220 1819 vel
1244 1754 1353 1820 Asiam
1378 1755 1429 1820 vel

272 1857 416 1923 Africam
439 1864 620 1938 tenuerunt,
644 1866 816 1943 occupatur
838 1865 942 1924 totum
965 1860 1006 1924 ab
1028 1859 1100 1924 aliis
1124 1861 1252 1945 regibus
1276 1864 1308 1924 11
1323 1883 1427 1946 popu-

272 1961 330 2041 lis,
361 1963 416 2046 qui
438 1963 593 2029 Caesarem
615 1971 761 2030 nostrum
785 1965 965 2030 Romanum
995 1965 1127 2030 minime
1149 1969 1337 2051 agnoscunt.
1384 1965 1428 2031 Et

272 2088 453 2151 quanquam
476 2089 592 2133 nomen
615 2068 716 2133 adhue
738 2069 910 2134 retinemus
933 2069 1000 2152 ejus
1023 2069 1169 2154 imperii,
1201 2069 1340 2134 dicionea
1374 2071 1427 2134 ta-

271 2194 344 2236 men
367 2171 466 2258 prope
488 2195 596 2238 omnes
619 2175 793 2238 amisimus.
834 2173 907 2239 Una
932 2197 1003 2238 vero
1027 2196 1098 2238 eum
1121 2174 1254 2239 interitu
1277 2178 1309 2239 11
1331 2173 1425 2238 disei-

272 2277 400 2360 patione
423 2276 560 2343 Romani
583 2279 729 2362 imperii,
764 2279 935 2343 maximam
967 2300 1093 2362 quoque
1120 2277 1261 2342 futuram
1285 2299 1352 2343 1111
1374 2299 1427 2342 re·

840 2400 859 2437 ᾔ

271 2483 422 2549 walchem
445 2487 495 2551 die
517 2487 651 2551 warheit
680 2491 778 2573 ganta
809 2488 1026 2572 undergahet,
1062 2488 1117 2552 der
1150 2489 1184 2551 in
1216 2486 1309 2552 allam
1341 2486 1426 2552 rhun

272 2589 355 2652 seins
378 2589 533 2674 gefallena
557 2590 643 2668 lebt,
665 2592 731 2655 und
754 2587 956 2676 gldolrliohen
981 2613 1124 2678 vorgang
1147 2593 1212 2671 hat,
1243 2593 1296 2656 der
1320 2591 1426 2656 aeiner

272 2693 401 2757 vorfarn
426 2695 489 2760 Got
511 2696 561 2760 nit
583 2695 699 2775 arhtet,
723 2697 846 2762 dieweil
869 2719 902 2761 er
925 2697 992 2762 siah
1015 2693 1093 2762 iiber
1115 2698 1193 2762 alles
1215 2696 1343 2774 erhebt,
1368 2695 1425 2760 der

272 2798 327 2863 das
349 2798 505 2864 ardtreioh
527 2801 587 2864 mit
602 2802 710 2866 seinan
727 2797 860 2886 gdteron
878 2802 1072 2888 miltiglrlioh
1087 2823 1157 2887 weg
1173 2801 1342 2867 schenoket
1357 2800 1426 2866 und

273 2901 441 2981 aullteilet,
477 2905 540 2968 und
564 2904 667 2970 soleba
689 2905 767 2970 alles
790 2901 966 2991 glfiolrselig
989 2907 1088 2971 treibt
1111 2906 1182 2985 bill,
1206 2907 1271 2971 und
1293 2928 1329 2971 so
1347 2907 1426 2988 lang

273 3005 327 3070 der
349 3028 425 3070 zorn
449 3007 637 3074 volnbraeht
660 3010 716 3088 ist,
751 3011 889 3075 albdann
913 3011 1008 3075 wirdt
1040 3033 1074 3074 er
1103 3009 1202 3076 fallen
1225 3011 1290 3074 und
1313 3031 1354 3073 on
1378 3009 1423 3074 all

271 3109 465 3175 menschlioh
487 3113 608 3178 adthdn
630 3114 706 3178 oder
729 3114 938 3179 eueaerliohen
974 3114 1091 3200 gewalt
1120 3117 1160 3180 ud
1192 3115 1290 3179 boden
1322 3113 1417 3199 gelra.

271 3212 334 3278 Diss
357 3215 445 3294 alles,
469 3217 527 3282 wie
550 3218 678 3304 gemell,
701 3219 801 3282 findet
823 3218 891 3283 sich
915 3219 1045 3283 1111111111
1068 3219 1113 3283 im
1137 3218 1325 3302 Propheten,
1354 3217 1421 3282 und

270 3318 409 3402 sprieht,
434 3342 466 3384 as
490 3321 549 3385 soll
572 3321 606 3386 in
630 3321 684 3386 der
708 3323 823 3388 letsten
848 3322 956 3406 (deren
981 3323 1112 3405 Rbmer)
1136 3322 1343 3388 Monarchien
1365 3323 1422 3388 be·

273 3422 419 3488 aohehen.

357 3526 398 3592 So
421 3528 462 3592 ist
485 3552 551 3594 nun
574 3530 752 3616 obgemelte
775 3531 974 3617 weissagung
997 3531 1097 3596 achon
1120 3532 1187 3595 eins
1211 3531 1306 3596 thalla
1328 3532 1422 3597 voln-

271 3629 394 3711 braoht,
418 3634 577 3712 niimliah,
601 3657 635 3700 ao
659 3635 704 3700 vil
726 3637 779 3699 des
803 3635 994 3700 Rbmisohen
1018 3636 1132 3701 Reiohs
1156 3638 1344 3723 undergang
1366 3636 1421 3701 be—

271 3736 363 3814 trifft,
387 3737 489 3802 1011111
511 3739 555 3802 111
573 3740 608 3823 ja
629 3740 719 3804 mehr
742 3740 827 3803 daun
851 3741 1001 3805 offenbar.
1039 3740 1103 3804 Der
1125 3743 1222 3805 ander
1245 3741 1325 3808 theil
1348 3762 1423 3805 vom

271 3841 398 3906 kleinen
422 3843 561 3924 hbrnlin,
585 3845 628 3909 iat
650 3845 720 3909 dern
744 3848 849 3908 ersten
871 3844 937 3909 also
960 3845 1147 3910 einverleibt
1170 3848 1233 3910 und
1251 3845 1421 3931 abgatham

270 3945 324 4009 dae
348 3967 380 4010 ea
405 3947 456 4012 ein
479 3947 734 4013 onabseheidlioh
759 3947 836 4033 ding
859 3949 910 4012 ist.
955 3947 1099 4012 Darumb
1121 3949 1190 4014 wila
1213 3970 1272 4034 gar
1295 3949 1345 4012 nit
1367 3947 1426 4013 auf

270 4049 320 4113 die
342 4048 437 4135 lange
460 4052 543 4116 bahn
568 4051 739 4136 geworffen
762 4051 840 4129 sein,
866 4052 929 4116 und
953 4053 1066 4117 reimet
1088 4053 1156 4116 sich
1180 4053 1228 4115 nit
1252 4053 1335 4118 diser
1350 4054 1421 4132 uait,

269 4157 415 4238 zusagen,
439 4177 470 4220 es
494 4155 1174 4242 1111111111111[22]111111111110131111(11113,
1199 4163 1257 4221 ete.
1294 4154 1420 4236 Dan'iel,

269 4259 352 4324 naoh
375 4260 444 4324 dem
467 4280 502 4324 er
523 4260 658 4345 gemelte
681 4260 760 4346 ding
782 4259 848 4326 und
870 4260 995 4345 figuran
1027 4260 1180 4346 gaoehen,
1215 4263 1329 4346 begert
1350 4284 1423 4328 10111

270 4363 410 4446 Horren,
444 4364 527 4430 allen
559 4363 680 4452 grundt
709 4364 774 4431 und
805 4364 1331 4452 111111111911111111111111111111.
1378 4368 1421 4435 Ea
