3160 4960
657 324 776 414 Ι23

181 494 227 562 At
249 518 323 561 vero
345 517 415 562 cum
438 495 545 562 hostes
567 520 587 561 a
608 497 744 562 clamore
766 496 852 562 hunc
874 497 998 562 asinum
1014 502 1329 585 esseecgnoseerent

181 601 237 664 fixi
252 601 378 666 fortiter
393 606 558 686 coeperunt
569 603 671 667 ridere
693 603 838 681 scientes,
862 603 991 686 quidem
1014 607 1105 668 tanto
1121 604 1241 668 sonitui
1257 626 1329 688 pec·

180 706 259 770 toris
281 706 412 771 minime
435 707 536 771 cordis
559 707 749 790 respondere
773 707 934 773 virtutem.
980 709 1070 772 Tunc
1099 710 1148 773 leo
1180 711 1330 794 percepta

179 832 254 876 voce
276 811 385 876 statim
409 813 548 876 cucurrit
570 811 609 876 ad
632 812 752 877 socium
775 817 871 896 atque
899 813 998 876 dixit:
1027 813 1128 878 amice
1162 814 1238 898 qnid
1271 814 1330 878 tibi

153 919 236 998 sess,
260 917 341 1001 quod
359 917 522 982 clamasti?
546 905 688 981 Guiille:
712 917 756 980 mi
771 917 880 994 frater,
904 939 981 1000 grex
997 917 1145 1000 luporum
1167 920 1326 1003 apparuit,

179 1044 273 1106 quem
295 1023 409 1106 grandi
432 1042 507 1086 voce
529 1021 695 1106 pertenui,
720 1043 777 1086 nec
799 1044 832 1086 se
855 1022 964 1101 morit,
989 1023 1040 1087 sed
1058 1044 1129 1087 mox
1146 1025 1183 1087 ad
1202 1023 1328 1088 odorem

179 1133 271 1191 tuum
295 1148 357 1190 non
381 1126 450 1190 sine
472 1149 542 1191 mea
564 1127 774 1192 admiratione
795 1127 962 1211 disparuit.
1012 1127 1061 1192 nd
1088 1127 1154 1192 haec
1177 1129 1225 1192 leo
1250 1151 1325 1212 prn-

179 1232 362 1296 deutialiter
384 1231 549 1296 subridens
566 1232 685 1320 inquit:
710 1233 738 1296 si
761 1233 857 1310 nosti,
881 1254 1016 1315 nequam
1032 1233 1126 1316 lupus
1142 1238 1191 1298 est
1216 1237 1249 1298 et
1265 1233 1328 1298 cal·

179 1336 277 1414 lidus,
309 1337 477 1402 clamorem
502 1336 622 1401 deridet
642 1340 831 1422 tantumque
853 1338 946 1402 timet
969 1338 1138 1416 virtutem,
1174 1339 1328 1404 latratum

139 1461 164 1498 1⁰
179 1442 266 1506 canis
286 1440 433 1506 irrisione
447 1441 632 1520 subsannat,
656 1442 824 1506 dummodo
837 1464 977 1507 morsum
992 1442 1133 1528 effugiat.
1165 1441 1326 1507 Nimirum

179 1549 327 1628 expertus
349 1547 439 1611 miles
460 1546 571 1611 tubam
593 1546 740 1610 bellicam
764 1569 826 1612 non
851 1549 991 1631 pavescit
1024 1547 1079 1610 sed
1101 1548 1263 1632 gladium,
1297 1552 1328 1612 et

179 1651 320 1714 eruditus
342 1650 552 1736 philosophus
575 1653 673 1716 nubes
698 1653 876 1716 tonitrunm
900 1657 1116 1730 conseretur,
1139 1653 1194 1717 sed
1208 1653 1327 1737 fulgur.

179 1753 260 1830 Quid
271 1757 411 1820 enimest
423 1756 541 1821 clamor
553 1757 615 1820 nisi
627 1759 761 1841 pectoris
774 1759 915 1822 evacuati
929 1761 1040 1823 ventus
1049 1758 1189 1823 effusus?
1204 1757 1328 1842 Nempe

179 1883 276 1930 vacria
299 1863 400 1948 magis
423 1868 539 1926 sonant
561 1867 753 1946 ventosaque
775 1869 976 1948 concrepant.
1022 1863 1158 1947 Propter
1182 1861 1250 1942 hcc,
1274 1884 1325 1928 ca·
1423 1853 1426 1862 ’

137 1981 163 2022 1⁶
178 1966 320 2044 nimime,
352 1967 407 2051 qui
431 1966 621 2036 elamoribus
648 1968 779 2046 nititur,
812 1969 943 2034 minime
967 1992 985 2033 a
1014 1968 1157 2053 sapiente
1183 1967 1324 2044 timetur,

178 2072 328 2156 quoniam
350 2072 404 2138 hic
425 2076 573 2137 ventosus
604 2076 636 2136 et
663 2093 778 2137 vacuus
811 2073 880 2138 sine
911 2073 1039 2138 virtutis
1074 2073 1141 2136 fore
1168 2071 1328 2137 soliditate

178 2180 318 2243 notatur.
366 2175 509 2241 Olanrore
532 2177 687 2261 siquidem
708 2178 878 2242 iracundiae
892 2179 1021 2242 flanima
1036 2179 1069 2242 in
1085 2177 1210 2242 clibano
1225 2174 1327 2240 cordis

177 2281 370 2358 accenditur,
395 2281 432 2347 de
455 2304 517 2365 qua
540 2284 650 2346 statim
665 2281 768 2346 fumus
784 2283 955 2348 resolvitur
977 2288 1009 2347 et
1024 2282 1192 2347 obscurata
1205 2280 1327 2356 ratione

178 2387 308 2452 virtutis
330 2384 478 2470 splendor
501 2386 651 2454 fuscatur.
698 2387 746 2452 Ex
769 2387 889 2452 lumine
914 2409 1049 2472 namque
1071 2385 1205 2450 rationis
1224 2385 1327 2448 oritur

137 2504 163 2542 ²⁰
177 2493 287 2556 virtus.
334 2490 404 2556 Hoc
429 2493 530 2577 igitur
553 2492 724 2576 prudenter
747 2493 914 2573 dumtaxat
937 2493 1091 2569 efficitur,
1115 2491 1197 2574 quod
1222 2489 1327 2552 inanis
1411 2569 1413 2572 Ι

177 2596 371 2681 apparentiae
405 2601 512 2680 spreta
544 2617 618 2664 voce
648 2597 693 2662 rei
717 2598 899 2683 granditate
922 2598 1042 2664 finitur.
1092 2594 1254 2660 Nimirum
1277 2615 1325 2658 re-

176 2701 298 2788 gularis
320 2700 455 2766 coelestis
478 2704 581 2764 motus
604 2705 653 2764 est
675 2706 763 2766 actus
786 2703 957 2780 virtuosus,
981 2701 1185 2786 quamobrem
1209 2699 1324 2784 grandi

176 2806 295 2870 virtute
317 2807 386 2871 siue
408 2827 485 2870 sono
508 2807 690 2888 completur.
736 2805 804 2881 Quo
827 2807 911 2870 dicto
935 2807 973 2870 de
997 2807 1170 2871 clamorosa
1182 2824 1257 2868 voce
1273 2825 1325 2867 ve-

176 2911 365 2976 recundatus
388 2910 496 2976 asinus
518 2933 536 2974 a
559 2910 659 2975 leonis
682 2913 832 2976 societate
855 2911 1007 2976 discessit.

137 3130 162 3168 ²⁵
344 3119 542 3186 Gloriosa
564 3125 629 3184 est
652 3119 920 3204 prosperitas
944 3120 1166 3185 moderata

413 3294 466 3358 De
488 3293 583 3360 Sole
606 3300 646 3360 et
668 3293 893 3371 Mercurio,
917 3316 984 3377 cap.
1013 3298 1061 3360 17.

264 3433 343 3498 Cum
366 3434 460 3500 Titan
485 3434 635 3499 uniformi
660 3433 865 3519 regularitate
888 3433 1048 3497 stabiliter
1061 3436 1249 3510 moveretur,
1274 3433 1324 3497 ni-

146 3611 148 3616 .
176 3541 235 3604 mis
256 3541 315 3604 hoc
338 3540 497 3604 admirans
520 3540 694 3606 Mercurius
718 3541 777 3606 hac
792 3561 862 3604 eurn
881 3561 952 3603 mox
969 3539 1142 3623 quaestione
1164 3538 1320 3622 pulsavit:

176 3648 213 3708 ut
236 3644 311 3728 qnid
333 3665 456 3730 semper
479 3644 513 3708 in
537 3645 685 3728 ecliptica
707 3645 842 3708 volveris
865 3644 1044 3726 ibidemque
1066 3643 1147 3706 fixus
1161 3665 1325 3728 nunquam

134 3749 248 3813 scinde
271 3750 429 3815 mutaris?
453 3749 513 3826 Qui
537 3750 634 3814 dixit:
659 3751 730 3813 fons
752 3749 916 3835 sapientiae
938 3749 1030 3813 fuisti
1056 3748 1172 3812 dudum
1189 3749 1325 3812 aetima-

175 3858 227 3918 tor
251 3877 270 3920 a
291 3856 420 3933 seculis,
449 3858 481 3920 et
504 3855 564 3922 hoc
594 3855 746 3939 ignoras?
780 3855 858 3933 Quis
881 3853 1049 3938 gloriosior
1078 3853 1163 3918 inter
1193 3852 1324 3916 stellas?

175 3958 291 4024 Nonne
321 3960 385 4038 sol,
416 3961 467 4024 cui
496 3960 662 4024 fontaliter
690 3961 793 4023 indita
823 3964 871 4023 est
892 3958 947 4023 lnx
972 3959 1073 4042 primo
1096 3958 1224 4043 genita,
1255 3978 1325 4041 qua

174 4068 243 4129 tota
266 4064 415 4129 coelcrum
445 4069 493 4128 est
523 4065 643 4148 species
672 4067 702 4128 et
732 4065 837 4148 gloria
868 4063 1057 4128 stellarum?
1090 4061 1224 4145 Propter
1255 4061 1324 4140 hoc,

45 4227 51 4236 .
175 4168 350 4248 carissime,
381 4169 483 4234 media
510 4189 633 4252 semper
663 4170 860 4234 moderantia
882 4168 1018 4232 ventilor
1040 4190 1099 4233 nec
1122 4187 1261 4251 unquam
1286 4165 1325 4229 ab

136 4297 161 4334 ss
175 4295 212 4338 ea
223 4273 356 4354 declino,
366 4275 393 4340 si
403 4276 620 4342 considerasti.
648 4275 794 4359 Namque
805 4274 1006 4338 inimicorum
1016 4273 1176 4358 gignitiva
1192 4275 1240 4336 est
1251 4293 1323 4354 gra-

175 4383 210 4442 ta
241 4381 432 4464 prosperitas
463 4381 650 4460 etsuseitat
672 4379 784 4446 lividos
812 4401 870 4444 nec
892 4378 991 4444 ullum
1014 4399 1156 4462 unquam
1186 4375 1325 4440 ostendit
