3172 4958
707 339 749 403 73

151 509 316 595 respondit
337 507 387 573 vir
407 510 530 594 peritus
545 507 573 576 ¹:
604 511 687 578 nibil
709 511 825 592 habes:
848 513 924 599 quid
946 517 1014 592 est,
1048 513 1131 598 quod
1153 514 1303 600 possides,

151 620 321 700 postquam
344 615 480 681 avaritia
501 620 533 682 te
555 617 723 686 absorbet?
746 640 816 703 quae
838 618 953 698 vicisti,
977 620 1121 703 rapuisti,
1145 641 1215 704 quea
1238 643 1303 686 una

96 757 101 770 ν
151 725 257 788 tecum
268 720 395 786 flamma
409 720 563 786 fulminea
577 722 760 806 cupiditatis
783 723 938 788 exhausit.
984 722 1076 808 Ignis
1108 727 1193 790 enim
1217 747 1301 790 nun-

153 849 247 911 quam
271 823 354 890 tibi²
385 825 504 890 sufficit
526 847 627 911 neque
649 831 682 893 et
703 828 845 914 cupidati
868 849 1008 912 unquam
1032 829 1109 894 satis
1132 829 1205 896 fuit.
1252 828 1303 895 Ob

125 933 213 998 shoc
241 935 348 997 autem
379 931 571 997 destructiva
596 935 646 998 eet
674 933 776 998 cordis
805 937 838 998 et
870 937 992 999 eunctae
1025 955 1083 1017 per
1112 919 1304 1018 ednsequens

152 1037 334 1103 devorativa
355 1035 570 1121 possessionis.
615 1035 804 1103 Stomachus
826 1037 1157 1122 nomqueexaninitus
1180 1038 1304 1123 appetit

153 1148 185 1208 ot
206 1141 352 1206 incendio
375 1140 513 1206 naturali
546 1141 723 1208 membrum
746 1142 920 1209 arefactum
943 1142 1097 1221 famescit,
1121 1144 1207 1208 locus
1231 1164 1303 1208 eva·

153 1250 263 1312 cuatus
287 1245 430 1323 attrabit,
453 1246 607 1312 etardore
629 1253 737 1332 pectus
752 1248 964 1314 febricitantis
986 1247 1089 1332 magis
1111 1247 1190 1314 sitit.
1236 1247 1305 1332 Igi-

151 1356 207 1417 tur
229 1350 384 1435 cupiditas
408 1352 523 1417 mentis
542 1357 665 1439 egestas
686 1357 735 1418 est
756 1376 793 1419 ac
815 1357 906 1420 tanto
929 1354 1041 1438 major,
1063 1355 1183 1437 quanto
1205 1350 1304 1417 fuerit

113 1478 140 1517 ro
154 1455 275 1523 avidior
305 1457 371 1540 ejus
397 1456 533 1522 flamma.
585 1457 664 1524 Ecce
695 1460 820 1544 quidem
850 1458 1009 1543 Diogenes
1039 1457 1121 1522 nihil
1151 1460 1241 1522 extra
1272 1478 1306 1522 se

153 1562 259 1646 ipsum
282 1562 410 1645 cupiens
432 1562 586 1628 mundum
609 1565 728 1648 sprevit
754 1568 787 1629 et
808 1563 990 1630 Alexandro
1012 1561 1175 1628 Macedoni
1204 1561 1304 1627 dixit:

152 1671 190 1732 tu
211 1665 316 1750 ipsum
335 1666 402 1750 jam
431 1667 594 1750 possidens
622 1669 815 1752 concupiscis
838 1667 990 1751 amplius:
1024 1667 1095 1750 quis
1127 1666 1228 1752 igitur
1255 1666 1304 1730 di·

154 1770 241 1836 tior?
271 1791 376 1836 nonne
399 1770 453 1855 qui
477 1772 618 1855 sprevit?
647 1771 753 1838 Nimis
782 1773 867 1838 enim
899 1771 1011 1855 plenus
1043 1775 1154 1836 venter
1183 1775 1306 1838 emetat

154 1879 188 1941 et
215 1879 292 1940 tunc
313 1875 429 1940 fiumen
453 1879 542 1941 extra
566 1875 773 1957 diffunditur,
796 1898 865 1942 cnm
890 1877 1038 1942 exundat.
1084 1873 1209 1940 Stilbon
1231 1875 1304 1960 phi-

114 2003 140 2042 rs
154 1980 304 2064 losopbus
319 1979 526 2046 exterioribus
546 1981 637 2046 bonis
653 1982 785 2066 perditis
801 1981 960 2067 aequitatis
975 1979 1084 2046 libore
1099 1981 1219 2045 salvam
1241 1981 1305 2044 vir-

154 2089 256 2150 tutem
279 2106 345 2149 non
367 2084 510 2150 dissolvit
532 2107 567 2150 ac
591 2085 671 2151 nihil
693 2109 727 2151 ss
749 2087 921 2172 perdidisse
935 2085 1098 2150 Demetrio
1119 2084 1232 2150 victori
1254 2106 1304 2150 re·

156 2189 300 2275 spondit:
322 2193 358 2254 tu
373 2189 588 2254 mundialibus
611 2194 678 2255 tam
693 2192 843 2276 possessis
866 2190 978 2274 opibus
1001 2189 1102 2255 adhuc
1126 2188 1226 2274 magis
1248 2211 1303 2253 cu·

155 2295 248 2379 pidus
266 2293 463 2378 ingemiscis!
486 2293 562 2370 Quis
585 2316 661 2380 ergo
676 2295 808 2373 felicior,
832 2317 938 2360 nonne
960 2294 987 2358 is
1011 2294 1135 2378 quiesi
1158 2293 1306 2370 invictus,

155 2400 320 2482 rictusque
342 2401 526 2464 cunctorum
560 2400 707 2465 dominus
730 2400 867 2485 amplius
890 2399 1044 2483 cupiendo
1075 2398 1306 2482 depauperatus

114 2528 141 2566 so
155 2505 227 2570 est?
258 2501 347 2568 Felix
369 2525 506 2587 namque
534 2509 599 2584 est,
623 2505 678 2589 qui
701 2525 765 2569 non
788 2504 879 2589 cupit
900 2502 1035 2586 amplius
1059 2503 1161 2567 otest
1184 2519 1307 2584 semper

155 2608 238 2674 nibil
260 2608 435 2674 amittendo
456 2609 603 2674 invictus.
648 2608 746 2676 Vides
769 2609 887 2695 igitur,
919 2609 1000 2692 quod
1025 2608 1096 2691 plus
1119 2627 1234 2690 cupere
1255 2605 1306 2669 in·

154 2712 233 2778 felix
248 2717 416 2798 paupertas
431 2717 489 2790 est,
512 2712 595 2778 nihil
610 2718 714 2779 autern
738 2735 850 2798 cupere
872 2711 1036 2797 opulentia
1057 2733 1188 2778 summa
1237 2712 1306 2789 Quo

155 2819 242 2885 dieto
263 2840 332 2884 cum
357 2819 541 2884 cocodrilli³
565 2819 632 2885 rita
653 2821 807 2886 finierunt
828 2817 932 2884 verba.

155 2994 311 3062 Contra
332 3015 416 3072 eos,
448 2993 519 3078 qui
543 3014 621 3058 non
643 2997 742 3059 sunt
763 2993 972 3071 contenti,
996 3012 1082 3055 cum
1105 2990 1215 3057 satis
1241 2989 1306 3056 ha-

659 3096 799 3162 beant.

400 3255 455 3320 De
476 3254 644 3321 homine
665 3259 705 3319 et
726 3253 922 3332 fortuna,
945 3274 1013 3339 cap.
1038 3259 1068 3318 4.
1171 3291 1175 3300 .

245 3378 283 3444 In
314 3379 457 3445 secundis
489 3378 581 3443 rebus
614 3377 717 3442 faetus
751 3374 814 3440 sibi
847 3374 943 3439 homo
975 3374 1136 3439 sufficiens
1171 3396 1242 3439 cum
1276 3378 1308 3438 et

156 3483 295 3568 amplius
325 3483 456 3548 minime
487 3486 653 3548 contentus
685 3482 806 3560 sitiret,
850 3479 976 3546 obuiam
1013 3477 1194 3557 fortunam,
1232 3476 1308 3542 dum

156 3591 386 3670 tempestuosus
417 3588 489 3672 plus
519 3591 688 3672 quaereret,
718 3585 848 3663 habuit,
880 3606 950 3669 quae
970 3584 1030 3649 hac
1051 3604 1134 3668 vaga
1162 3582 1309 3667 argutius

157 3691 387 3775 quaestiuncula
408 3691 506 3757 dixit:
530 3691 674 3776 utquid,
698 3690 865 3768 carissime,
889 3710 954 3753 non
978 3687 1122 3772 quiescis
1146 3709 1217 3751 cum
1242 3685 1309 3768 jam

115 3785 142 3822 ³⁰
155 3793 324 3860 tribuerim
346 3795 407 3860 tibi
429 3797 530 3861 satis?
554 3793 599 3860 Ae
622 3795 676 3859 ille
698 3793 880 3878 respondit:
904 3814 962 3857 sua
976 3791 1129 3856 nimirum
1145 3789 1309 3855 dulcedine

156 3899 257 3963 trahit
272 3899 400 3978 bonurn,
423 3904 455 3964 et
470 3901 566 3964 donec
582 3899 725 3963 additum
748 3898 854 3976 fuerit,
877 3901 926 3962 est
940 3896 1117 3962 molestum.
1164 3893 1222 3958 Cui
1237 3893 1310 3960 illa:

155 4004 245 4081 bene,
269 4003 384 4087 inquit,
408 4005 508 4083 video,
533 4004 616 4088 quod
632 4025 751 4089 pauper
774 4003 904 4069 effectus
926 4023 970 4079 es,
994 4003 1162 4084 postquam
1185 3999 1309 4083 cupidi·

155 4111 224 4173 tete
235 4107 307 4192 plus
320 4107 401 4188 sitis,
418 4130 493 4172 nem
509 4109 536 4172 si
552 4107 629 4172 satis
641 4107 782 4184 haberes,
805 4107 942 4193 amplius
958 4127 1022 4171 non
1038 4125 1202 4188 quaereres.
1233 4103 1309 4169 Plus

726 4225 745 4264 s

228 4311 386 4370 ldndere:
404 4313 539 4386 perditus.
587 4312 747 4372 2Andere:
767 4311 845 4368 dicit.
894 4311 964 4369 uso
982 4311 1028 4368 die
1045 4311 1125 4368 alten
1146 4311 1307 4383 ausg.stets

154 4401 399 4461 remeamus.
