3160 4960
746 293 765 354 7

180 486 219 532 ex
242 464 351 530 divina
373 463 513 549 imagine
536 463 698 530 decoratus
733 463 773 528 ab
803 461 873 548 ipso
906 465 1034 550 quidem
1065 465 1240 548 primordio
1264 465 1337 530 uni-

179 570 280 636 versis
311 568 405 636 rebus
436 567 545 634 mundi
581 567 761 634 visibilibus
792 574 840 632 cst
875 569 1051 653 prefectus.
1096 568 1257 636 Nimirum
1288 592 1338 636 sa·

180 675 301 759 pientia
315 677 392 739 sunt
407 674 524 750 omnia,
548 672 598 739 cui
615 675 742 738 tantum
760 673 843 738 valet
860 673 1062 740 metallorum
1075 695 1337 760 gemmarumque

181 778 331 845 validitas
353 782 386 844 et
407 777 598 842 subsidiaria
620 777 847 844 medicinarum
871 780 969 844 servit
984 761 1133 864 potestas.
1175 769 1335 856 Quamob-

151 885 247 950 ⁶ren1
270 882 440 968 pretiosior
462 887 512 948 est
533 885 691 966 sapientia
712 882 836 949 cunctis
858 885 972 969 opibus
994 891 1027 949 et
1043 884 1160 960 omnia,
1184 906 1268 969 quae
1283 884 1337 950 de-

177 988 360 1054 siderantur
383 987 458 1054 huic
487 1009 553 1054 non
585 990 691 1056 valent
723 991 910 1075 comparari.
957 989 1078 1066 Quibus
1110 990 1229 1056 auditis
1262 1011 1338 1056 mox

177 1093 235 1160 illa
265 1093 435 1159 dilectione
456 1094 621 1177 sapientiae
644 1094 841 1159 inflammata
870 1095 985 1180 petivit
1009 1117 1027 1160 a
1049 1095 1134 1172 sole,
1169 1098 1225 1172 ut,
1258 1095 1334 1179 quid

176 1198 336 1282 sapientia
359 1203 451 1276 esset,
474 1200 544 1264 luce
566 1197 770 1265 diffinitionis
792 1201 983 1266 ostenderet.
1029 1199 1086 1266 Oui
1115 1201 1252 1266 libenter
1275 1223 1335 1266 an·

177 1325 280 1370 nuens
301 1303 426 1388 inquit:
456 1304 613 1388 sapientia
644 1304 770 1387 quidem
804 1307 853 1369 eet
875 1305 932 1369 illa
953 1305 1070 1370 mentis
1102 1305 1239 1383 veritas,
1273 1327 1336 1389 qua

135 1415 338 1474 1⁰snnunum
356 1409 484 1486 bonum,
510 1410 593 1493 quod
611 1412 659 1474 est
674 1407 773 1488 Deus,
795 1414 881 1476 recta
902 1411 965 1476 fide
987 1411 1182 1496 conspicitur
1204 1414 1236 1476 et
1252 1415 1339 1476 casta

178 1513 348 1579 dilectione
369 1517 505 1580 tenetur.
552 1513 622 1580 Hac
645 1514 730 1579 enim
753 1514 808 1598 qui
831 1514 958 1580 dotatus
982 1518 1040 1595 est,
1060 1518 1129 1601 jam
1152 1513 1263 1581 mundi
1280 1514 1336 1579 do-

178 1616 286 1684 minus
318 1641 355 1684 ac
386 1639 546 1703 possessor
580 1625 629 1683 est
655 1641 738 1686 suus.
786 1619 909 1698 Quibus
940 1621 1112 1708 diligenter
1146 1618 1268 1686 notatis
1300 1619 1334 1684 in

178 1724 310 1809 propria
331 1726 472 1810 gaudens
494 1724 552 1791 illa
573 1745 698 1790 reversa
720 1728 776 1790 est.

145 2023 147 2028 ,
177 1950 405 2017 Prudentia
428 1974 523 2018 vera
545 1955 607 2017 est
629 1975 711 2038 quas
741 1954 1043 2039 simplicitatis
1078 1951 1337 2020 innocentia

115 2059 122 2070 '
148 2063 176 2103 ¹⁶
642 2057 874 2124 decoratur.

390 2214 446 2279 De
468 2234 611 2294 corvo,
635 2214 759 2298 vulpe
782 2217 822 2279 et
844 2213 979 2294 simia,
1003 2236 1069 2298 cap.
1095 2219 1125 2279 3.

267 2351 465 2418 Animalium
479 2351 621 2418 omnium
638 2352 735 2416 simul
750 2353 885 2419 collecto
898 2352 1032 2418 oonsilio
1045 2374 1119 2418 cum
1133 2354 1171 2419 de
1187 2316 1334 2437 pluribus

179 2459 367 2543 quaererent,
390 2478 456 2522 non
470 2457 630 2522 immerito
654 2458 773 2542 placuit
788 2457 848 2524 hoo
871 2457 936 2522 illis
959 2458 997 2523 de
1020 2459 1144 2524 ratione
1159 2458 1335 2543 prudentiae

178 2561 220 2626 ob
243 2561 368 2627 vivendi
390 2561 534 2646 regulam
546 2562 739 2647 investigare
756 2563 961 2646 praecipuum,
985 2563 1057 2646 quis
1069 2583 1179 2626 eorum
1194 2562 1332 2626 astutius

139 2693 166 2732 ao
180 2666 365 2732 lamaretur.
398 2665 457 2731 Sed
474 2667 624 2750 quoniam
640 2667 739 2732 sumit
753 2667 910 2733 incertum
927 2668 1041 2753 vulgus
1057 2667 1162 2732 studia
1174 2667 1335 2732 contraria

182 2774 214 2836 et
236 2771 380 2856 privatus
413 2792 502 2837 amor
524 2777 645 2838 rectum
675 2773 771 2838 vertit
797 2773 953 2857 judicium
983 2773 1016 2838 in
1040 2772 1223 2857 obliquum,
1260 2772 1337 2837 hinc

178 2876 323 2942 volatilia
345 2898 485 2956 corvum,
508 2877 584 2942 hinc
598 2878 726 2963 vulpem
741 2879 916 2956 terrestria,
940 2878 1069 2962 singule
1092 2900 1225 2963 quaque
1240 2900 1334 2943 suum

178 2981 349 3068 prudentia
370 3005 443 3048 mox
464 2985 606 3049 exaltare
635 2988 808 3068 coeperunt.
858 2983 920 3048 Sed
952 2983 1027 3068 quia
1048 2983 1206 3049 violentus
1228 2983 1334 3048 etin·

178 3086 300 3171 glorius
322 3091 411 3152 aetus
434 3091 482 3152 est
503 3087 696 3154 laudationis
720 3093 861 3166 mustus,
886 3088 1101 3172 biuequidem
1117 3088 1204 3154 corvi
1221 3087 1331 3152 multi·

141 3212 166 3253 aa
179 3190 291 3256 formis
313 3191 490 3257 dolositatis
512 3196 544 3256 et
567 3193 723 3258 versutiae
735 3192 872 3258 ostensis
894 3193 1030 3270 astutiis,
1055 3192 1128 3256 hinc
1151 3192 1256 3275 vulpis
1279 3192 1333 3256 de·

179 3295 320 3380 captivae
335 3295 414 3362 artie
428 3294 566 3382 ingeniis
582 3297 745 3363 ventilatis
762 3298 853 3381 quasi
864 3298 946 3380 juris
963 3298 1122 3384 dignitate
1134 3297 1334 3382 singulorum
1395 3306 1397 3312 “

180 3401 323 3468 facinora
352 3401 570 3486 praetulerunt.
621 3402 752 3468 Talibus
782 3423 858 3487 ergo
889 3402 1099 3486 partialitatis
1128 3422 1235 3468 amore
1265 3401 1335 3466 sine

181 3505 314 3572 rationis
343 3509 503 3572 sententia
534 3506 609 3572 hino
637 3507 711 3573 inde
740 3507 869 3592 jactatis
892 3528 949 3591 pro
973 3509 1107 3572 veritate
1131 3510 1220 3572 stans
1242 3505 1335 3572 simia

181 3611 248 3676 haee
269 3611 303 3676 in
326 3611 485 3678 communi
508 3633 582 3678 vooe
605 3613 779 3679 corrective
802 3612 932 3677 diffudit
954 3611 1114 3695 dixitque:
1147 3631 1211 3677 non
1235 3609 1334 3675 miror

145 3715 342 3795 coniminum,
366 3716 392 3780 si
416 3715 533 3782 bestias
556 3737 627 3781 cum
650 3721 683 3781 et
705 3715 791 3801 ipsos
815 3715 960 3782 homines
981 3715 1334 3801 mentissplendoribus

180 3825 306 3888 tantum
329 3821 472 3906 vigentes
495 3820 615 3886 vitialis
639 3820 751 3887 umbra
775 3821 956 3886 mentiendo
975 3822 1126 3886 virtutem
1140 3820 1333 3905 aliquotiens

180 3926 215 3992 in
232 3924 362 4012 judiciis
384 3925 486 3992 fallat.
532 3924 616 3990 Nam
643 3927 852 4011 prodigalitas
881 3925 1077 3993 amatoribus
1100 3925 1165 3991 suis
1187 3924 1332 3990 fallacem

181 4030 316 4116 speciem
331 4030 533 4096 liberalitatis
549 4030 703 4115 depingit,
729 4031 969 4115 niagnamitatis
992 4030 1134 4116 vigorem
1156 4029 1286 4094 audacia
1301 4032 1334 4095 et

180 4135 286 4200 inanis
314 4135 418 4221 gloria
440 4135 685 4222 magnificentiae
708 4136 931 4222 granditatem.
978 4134 1054 4201 Pari
1082 4135 1209 4221 quidem
1239 4134 1333 4200 modo

146 4258 169 4298 ³⁵
182 4241 354 4308 subornata
375 4240 533 4308 calliditas
554 4239 649 4326 aegris
672 4241 832 4306 mentibus
853 4229 953 4307 oculis
982 4241 1138 4306 mentitur
1154 4238 1332 4307 claritatem

182 4345 366 4429 prudentia
405 4344 466 4414 Sed
482 4345 550 4434 ipsa
564 4345 682 4434 quippe
694 4344 803 4413 dolosa
817 4347 937 4413 astutia
952 4346 1087 4414 nocendi
1098 4334 1147 4412 est
1160 4345 1330 4434 conjuncta
