3172 4958
700 361 742 424 93

141 533 180 596 ut
202 530 338 608 vivatur,
361 529 490 596 virtutis
514 529 651 595 nobilior
673 531 740 594 vita
761 553 836 596 vera
858 530 1027 615 perimitur
1049 534 1082 596 et
1105 553 1141 596 ea
1164 553 1295 616 quiere-

141 635 302 719 linquitur
334 634 419 710 vita,
451 655 522 698 cum
556 634 590 696 in
621 655 657 696 ea
686 634 773 698 vivat
795 633 915 699 vitialis
943 635 1127 715 calamitas,
1161 637 1295 719 nequior

143 762 229 805 mors
240 739 378 804 efficitur
400 741 432 802 et
446 739 491 802 sic
505 759 580 802 vera
595 738 662 803 vita
678 760 734 822 per
757 743 855 804 semet
870 740 972 824 ipram
987 740 1165 807 damnatur.
1211 740 1295 816 Quid

143 847 254 932 igitur,
271 845 354 929 quod
367 845 469 908 otiosa
482 843 656 927 rapacitate
671 843 762 920 vivis,
779 844 903 908 malitia
919 842 930 880 ¹
945 845 1119 929 gloriaris?
1142 845 1293 924 Attende,

115 950 228 1035 equod
250 948 402 1015 animalia
423 947 563 1012 viventia
585 947 623 1012 de
644 948 757 1032 rapina
786 948 861 1012 hinc
887 949 995 1014 divina
1016 950 1085 1027 lex,
1108 949 1291 1033 hujusmodi

143 1055 308 1120 immunda
330 1054 436 1118 dicens
451 1051 475 1131 ²,
499 1053 532 1116 in
549 1052 767 1117 holocaustum
783 1053 964 1138 hujusmodi
979 1053 1152 1137 prohibens
1168 1075 1293 1120 eorum·

144 1183 205 1244 que
227 1181 314 1224 esum
336 1158 519 1223 hominibus
543 1156 734 1222 interdicens
767 1162 803 1221 ut
824 1157 968 1242 maligna
991 1157 1163 1223 damnavit.
1210 1157 1298 1223 Hinc

143 1270 260 1330 natura
274 1263 440 1330 rationalis
450 1283 532 1328 saeva
544 1283 580 1326 ea
594 1266 758 1344 tamquam
774 1283 838 1326 sisse
853 1261 1063 1345 complexioni
1080 1261 1296 1327 discordantia

144 1393 267 1454 semper
296 1368 471 1433 abhorruit.
511 1367 596 1432 Hinc
627 1373 813 1432 cunctarum
831 1366 975 1431 effectiva
996 1367 1151 1431 malarum
1175 1366 1293 1431 artium

106 1505 133 1544 rc
147 1474 231 1553 telle,
248 1473 472 1549 venenositate,
488 1471 622 1550 feritate,
641 1493 677 1536 ac
693 1470 864 1536 solitudine
880 1470 946 1536 haec
961 1471 1147 1536 detestanda
1161 1472 1294 1544 notavit.

146 1578 231 1644 Nam
247 1583 278 1644 et
293 1577 397 1642 omnis
412 1576 493 1640 furis
508 1576 763 1641 immundissima
778 1598 877 1654 mens,
900 1575 1036 1640 distorta
1051 1575 1168 1654 anima,
1192 1575 1297 1641 fellita

145 1684 302 1761 voluntas,
327 1682 463 1747 civilitas
478 1681 603 1760 aemula,
626 1680 821 1746 ferocissima
836 1681 911 1746 vita.
956 1681 1052 1746 Ferre
1070 1682 1172 1766 igitur
1183 1681 1298 1766 jugum

145 1791 180 1854 in
204 1788 381 1872 profectum
404 1786 546 1852 omnium
575 1786 797 1852 suavissimum
827 1807 908 1851 onus
929 1787 1060 1851 virtutis
1092 1790 1142 1851 est
1163 1786 1244 1852 mihi
1266 1789 1299 1850 et

146 1897 360 1978 tempestuosa
382 1892 513 1956 libertas
535 1892 570 1955 in
592 1891 809 1976 praejudicium
832 1892 1033 1976 singulorum
1049 1892 1185 1957 servitus
1200 1889 1296 1956 vitio·

106 1999 252 2066 usitatis
274 2001 322 2062 est
343 1997 421 2072 tibi,
460 1995 511 2060 Sic
542 2017 653 2079 nempe
685 1996 788 2060 carius
822 2001 869 2061 est
891 1995 971 2060 mihi
994 1997 1155 2062 comedere
1177 1995 1297 2060 foenum

147 2105 185 2168 de
214 2103 321 2167 labore
347 2101 482 2186 justitia
509 2123 605 2184 quam
628 2101 752 2166 haedum
776 2103 814 2167 de
836 2105 952 2167 scelere
974 2101 1118 2168 avaritia
1139 2099 1297 2166 violentae.

147 2207 216 2284 Quo
238 2207 346 2272 audito
368 2207 463 2291 lupus
486 2207 669 2272 confutatus
693 2207 847 2276 discessit.

149 2416 300 2483 Contra
322 2417 451 2496 fures,
484 2416 552 2500 qui
585 2417 646 2482 ibi
677 2416 843 2500 pluries
866 2417 1297 2501 comprehenduntur,

444 2521 514 2586 ubi
537 2521 671 2587 latere
692 2521 995 2587 crediderunt.

107 2695 205 2763 roDe
227 2700 396 2775 noctua,
420 2717 504 2778 quse
526 2695 801 2779 conqueritur
822 2697 1136 2776 contralucem,
1159 2718 1226 2780 cap.
1247 2697 1296 2759 17.

237 2833 316 2900 Cum
339 2835 476 2899 multum
499 2835 537 2899 de
559 2839 652 2900 nocte
675 2838 791 2900 noctua
806 2835 840 2900 in
855 2835 935 2900 furti
950 2835 1092 2904 facinore
1107 2835 1298 2914 desudasset,

149 2941 237 3008 radio
260 2946 420 3025 praeventa
441 2939 528 3018 diali,
551 2939 656 3004 minus
672 2940 800 3004 intuens
820 2942 874 3006 sed
897 2941 969 3024 plus
991 2942 1117 3020 timens,
1140 2941 1236 3025 coepit
1261 2939 1300 3004 de

147 3048 218 3112 luce
241 3046 390 3131 conqueri
414 3049 446 3109 et
468 3044 652 3109 maledicere
675 3045 721 3109 ric
743 3045 822 3110 diei:
845 3067 864 3111 o
884 3046 1090 3130 caliginosam
1106 3047 1218 3124 lucem,
1241 3046 1300 3110 ob-

149 3173 273 3216 scuram
304 3150 403 3228 diem,
434 3135 666 3214 accusationem
690 3154 850 3233 apertam,
879 3150 1108 3215 dubitationem
1133 3150 1301 3228 letiferam,

110 3279 136 3319 as
150 3261 187 3321 ut
210 3254 286 3339 quid
309 3254 490 3338 praevenisti
514 3256 587 3318 me?
618 3253 681 3319 Cur
713 3259 780 3318 tam
811 3253 874 3318 cito
897 3254 1037 3318 venisti?
1073 3253 1151 3318 Ecce
1173 3255 1301 3338 quidem

146 3363 288 3447 jamnon
300 3360 400 3439 video,
424 3360 478 3423 ubi
490 3359 623 3436 condar;
643 3360 710 3443 jam
728 3359 796 3424 visa
807 3359 846 3425 ab
862 3359 1075 3423 inimicalibus
1098 3359 1209 3423 avibus
1226 3379 1301 3422 con·

149 3467 274 3532 fundar.
322 3463 380 3528 Oui
402 3487 473 3529 mox
498 3464 693 3528 adversatrix
716 3465 772 3529 lux
787 3464 831 3528 sic
846 3462 1025 3546 respondit:
1051 3464 1201 3528 nimirum
1217 3463 1302 3546 quod

150 3571 231 3648 tibi,
254 3591 400 3655 nequam,
424 3569 533 3634 odiosa
554 3591 636 3648 sum,
664 3570 795 3652 gaudeo,
819 3568 872 3632 sed
896 3567 999 3653 magis
1022 3567 1105 3651 quod
1128 3567 1304 3652 caliginosa

150 3697 232 3752 sum,
251 3674 363 3759 jubilo,
387 3678 527 3740 attamen
551 3674 686 3738 maxime
711 3673 794 3756 quod
809 3673 961 3738 damnosa
976 3675 1112 3740 exsulto.
1157 3673 1197 3736 In
1209 3675 1303 3737 nocte

110 3782 237 3847 sienim
261 3779 363 3858 vides,
395 3783 433 3844 ut
465 3799 576 3844 noceas
609 3777 729 3843 eaeteris
761 3778 1013 3861 quiescentibus,
1042 3777 1232 3862 inquietaris
1267 3780 1303 3839 ut

151 3887 267 3970 rapias,
292 3885 446 3950 universis
469 3885 698 3949 dormientibus
721 3883 845 3968 vigilas,
874 3887 910 3948 ut
933 3883 1065 3950 occidas.
1112 3880 1306 3966 Inquietasti

151 3997 288 4069 noctem,
312 3989 462 4074 sprevisti
486 3990 589 4067 diem,
613 3989 707 4053 odisti
730 3989 850 4067 lucem,
875 3988 1055 4074 pervertisti
1078 3988 1223 4052 ordinem
1245 4007 1303 4049 na-

151 4095 297 4162 turalem.
343 4095 466 4160 Revera
487 4099 599 4160 ceterae
621 4115 703 4172 aves,
727 4115 800 4159 cam
822 4114 934 4179 surgo,
967 4097 1120 4178 surgunt,
1154 4091 1303 4160 cumad-

151 4202 253 4282 venio,
274 4199 501 4285 jucundantur,
526 4221 596 4264 curn
617 4219 765 4284 appareo,
788 4199 827 4264 ad
850 4198 1040 4264 invenienda
1061 4221 1178 4283 pascua
1197 4197 1301 4263 venti·

715 4319 734 4361 ἡ

225 4429 238 4484 l
259 4425 371 4482 Anders
389 4423 480 4482 lesen:
499 4423 612 4480 militia.
684 4424 701 4479 2
719 4423 832 4482 Andera
850 4425 940 4480 lassu:
959 4439 1068 4481 nocens.
