3058 4946
800 351 862 417 130

251 529 336 596 inter
357 529 483 614 imperii
501 525 668 614 prinoilpes
684 531 780 612 atquc
795 527 921 592 ordines
936 527 1104 592 honestum
1119 527 1272 593 obtinetis
1286 525 1396 606 locum,

252 634 409 700 Caesarum
433 638 466 699 et
488 655 599 718 regum
623 633 849 710 munificentia,
874 633 1017 718 cogitare
1037 631 1165 712 debetis,
1190 633 1302 718 magis,
1327 633 1399 717 qnid

252 739 422 805 Germania
444 740 601 822 postulet,
624 759 693 821 quae
716 759 770 802 vos
792 738 922 824 genuit,
946 738 1091 802 educavit
1114 744 1145 803 et
1168 739 1207 802 ad
1231 737 1315 801 hunc
1336 737 1399 802 for·

252 849 338 909 tunae
361 844 559 928 splendorem
590 844 711 920 evexit,
744 865 838 927 quam
871 843 947 927 quid
979 843 1033 907 ille
1065 844 1207 926 requirat
1235 842 1342 907 mollis
1371 845 1401 906 et

252 950 355 1033 turpis
378 950 568 1026 dominator,
592 949 646 1033 qui
670 953 703 1013 et
727 950 899 1012 multorum
915 971 972 1033 per
988 947 1190 1013 Germaniam
1208 947 1401 1012 tumultuum

252 1075 288 1118 ao
311 1053 466 1118 bellorum
490 1059 600 1119 auctor
622 1075 705 1138 saepe
727 1053 1018 1130 ttritetidoiroo
1041 1075 1095 1118 vos
1114 1052 1319 1136 jurejurando
1344 1050 1401 1116 sibi

251 1159 410 1234 devinxit,
434 1161 470 1221 nt
492 1179 511 1222 a
533 1162 588 1241 pat
590 1159 645 1222 riae
667 1158 781 1222 studiis
804 1163 835 1222 et
859 1179 965 1222 amore
987 1179 1042 1222 vos
1065 1161 1230 1233 avocaret,
1254 1175 1402 1240 suamque

253 1264 355 1348 magis
378 1265 473 1346 atque
505 1262 607 1346 magis
639 1262 847 1345 amplificaret
878 1265 974 1346 poten
978 1262 1064 1326 tiam.
1111 1259 1268 1326 Omnibus
1299 1265 1401 1324 antem

136 1381 138 1388 ’
254 1367 342 1432 vobis
357 1366 488 1450 pariter,
514 1365 705 1430 nobilissimi
721 1364 894 1449 Principes,
919 1364 1012 1448 hujus
1028 1369 1084 1431 aut
1099 1365 1230 1430 alterius
1247 1365 1402 1442 factionis,

253 1471 484 1554 respiciendum
508 1475 555 1534 est
579 1471 618 1535 ad
642 1471 859 1554 posteritatem
883 1477 1036 1549 vestram,
1061 1477 1097 1535 ut
1119 1471 1159 1535 ad
1181 1491 1233 1535 eos
1255 1474 1287 1534 et
1308 1470 1403 1534 liber-

255 1581 354 1640 tatern
389 1581 421 1639 et
455 1597 568 1659 puram
603 1576 760 1661 evangelii
792 1577 969 1641 doctrinam
1003 1581 1035 1640 et
1057 1577 1140 1640 hanc
1162 1575 1404 1660 pulcherrimam

254 1681 409 1744 bonarum
432 1681 550 1744 artium
579 1681 822 1764 litterarumque
851 1681 1072 1745 tractationem
1103 1680 1222 1744 nostris
1251 1679 1403 1742 invectam

255 1783 459 1868 temporibus,
484 1792 608 1851 auctam
633 1791 665 1850 et
687 1787 890 1862 illustratum,
913 1785 1025 1850 ordine
1048 1783 1283 1849 transmittatis.
1315 1780 1404 1860 Quod

257 1911 332 1954 sane
353 1889 422 1954 fieri
445 1909 510 1954 non
534 1894 648 1975 potest,
673 1891 735 1954 nisi
758 1891 959 1955 constituatis
982 1891 1093 1971 otium,
1116 1894 1149 1954 et
1171 1909 1299 1973 operam
1314 1887 1401 1964 detis,

256 2001 293 2060 ut
314 1995 525 2060 reconciliatis
556 1996 671 2060 animis
702 1996 791 2060 nulla
821 1997 877 2061 fiat
907 1996 992 2059 inter
1021 2017 1075 2060 vos
1098 1993 1276 2077 dissipatio.
1321 1989 1404 2057 Nam

254 2099 375 2182 alioqui
397 2105 549 2164 secuturae
571 2103 656 2178 sunt,
680 2100 777 2164 dubio
799 2100 924 2183 procul,
956 2099 1121 2164 horrendae
1143 2099 1300 2175 tenebrae,
1335 2097 1404 2161 bar·

256 2203 359 2268 baries
382 2209 478 2288 atque
500 2204 653 2279 servitus,
686 2225 702 2268 e
726 2205 841 2288 quibus
865 2205 965 2288 erepti
988 2225 1095 2268 sumus
1120 2203 1287 2268 manifesto
1310 2201 1403 2266 bene·

256 2310 328 2374 ficio
350 2307 420 2387 Dei,
448 2330 511 2373 non
537 2309 583 2373 ita
605 2309 736 2392 pridem.

256 2413 294 2478 In
310 2415 488 2479 sublimiori
504 2415 606 2500 gradu
622 2413 793 2480 Germania
811 2435 974 2498 nunquam
990 2413 1062 2492 fuit,
1088 2413 1239 2480 habemus
1255 2411 1408 2478 (laesarm

822 2536 840 2574 11

255 2623 324 2689 Wil
354 2645 428 2688 man
460 2623 535 2689 aber
565 2625 629 2690 Got
658 2626 729 2690 dem
752 2623 977 2710 Almechtigen
1009 2625 1059 2689 die
1092 2625 1168 2689 rach
1197 2623 1404 2709 beymgeben,

232 2731 311 2796 ,1181
334 2731 366 2794 in
391 2733 476 2796 dann
499 2737 571 2816 yetz
593 2731 873 2818 augensoheinlich
895 2732 1030 2817 daheym
1054 2731 1174 2809 sdehet,
1198 2731 1263 2796 und
1276 2729 1408 2794 rochen-

255 2835 371 2900 schafft
393 2857 455 2899 von
479 2836 522 2898 im
547 2835 684 2914 fordert,
717 2839 821 2902 sainer
843 2837 1044 2922 weissagung
1066 2834 1168 2911 nach,
1192 2834 1317 2898 werden
1342 2831 1408 2897 sich

255 2961 295 3025 ye
318 2959 416 3004 811818
431 2937 518 3002 Char
540 2941 654 3005 11111111.
672 2940 708 3005 G.
733 2942 812 3006 irem
835 2940 940 3004 hohen
962 2941 1027 3004 und
1044 2939 1227 3004 Adelichem
1245 2937 1409 3002 verstandt

256 3043 348 3120 nach,
371 3043 432 3108 wol
455 3044 581 3108 konnen
606 3047 837 3122 entsohliessen,
865 3045 942 3108 umb
964 3043 1196 3108 seinentwillen
1221 3043 1326 3107 nichts
1350 3065 1409 3108 an·

233 3148 401 3244 ,1111111188
425 3149 481 3212 das
503 3171 656 3234 gmeyner
683 3149 855 3214 Teutscher
882 3148 1001 3213 Nation
1022 3147 1150 3214 wolfart
1173 3147 1318 3224 adwider,
1345 3146 1410 3210 und

257 3257 346 3317 sonst
369 3251 404 3316 Ε.
429 3253 485 3318 Ch.
518 3255 583 3317 und
606 3253 640 3317 11.
666 3253 702 3319 G.
734 3255 813 3320 auch
845 3255 938 3319 deren
971 3253 1045 3319 land
1076 3253 1140 3318 und
1175 3254 1262 3330 lent,
1296 3251 1411 3336 eynigs

258 3379 342 3442 wegs
375 3357 559 3442 nachteylig
589 3358 655 3421 sein
690 3358 806 3425 11ιὸ8111.
852 3357 982 3423 Welohs
1015 3359 1100 3422 dann
1132 3357 1199 3422 also
1232 3355 1412 3442 gescheben

257 3461 372 3538 wirdt,
405 3483 453 3524 wo
482 3461 549 3525 sich
581 3461 615 3524 E.
640 3461 696 3526 Oh.
727 3462 793 3525 und
824 3462 858 3527 F.
883 3461 921 3527 G.
955 3463 1034 3526 auch
1068 3461 1130 3525 alle
1163 3461 1278 3526 andere
1300 3459 1412 3539 Stend,

258 3565 375 3650 beyder
398 3564 497 3649 teyls,
529 3565 580 3628 nit
566 3565 705 3630 tlassen
729 3567 964 3645 zertrennen¹,
1001 3567 1083 3630 deun
1107 3569 1197 3629 sonat
1218 3566 1322 3630 11111118
1347 3565 1413 3630 und

258 3666 359 3734 11111818
382 3669 601 3754 ongeaweifelt
623 3669 720 3734 dahin
751 3671 883 3748 komen,
913 3671 968 3735 das
990 3693 1064 3734 man
1088 3673 1170 3735 etwa
1192 3691 1289 3754 sagen
1312 3669 1414 3746 1111111,

258 3774 319 3839 Dic
335 3773 511 3838 Γ1881181181]
535 3773 637 3839 haben
659 3775 715 3839 das
731 3773 839 3852 Reich,
864 3773 971 3842 haben
991 3795 1099 3858 grosse
1122 3774 1260 3858 lreiheyt
1281 3772 1413 3858 gehapt,

259 3901 291 3943 es
314 3880 357 3943 ist
380 3901 441 3963 eyn
464 3879 619 3963 weydlich
643 3879 721 3964 ding
743 3879 820 3943 umb
841 3877 1055 3943 Teutschland
1080 3899 1223 3962 genesen
1247 3874 1343 3942 8181.

346 3983 420 4048 Wir
443 3985 532 4049 seind
557 3985 609 4049 nie
631 3984 747 4062 hbher,
779 3983 861 4047 auch
884 3983 954 4048 dem
978 3982 1036 4046 fall
1060 3981 1112 4046 nie
1134 3981 1235 4046 naber
1256 4003 1414 4068 genesen,

259 4087 389 4152 weder³
413 4089 547 4154 ietzund.
581 4088 724 4154 Darumb
747 4087 813 4152 will
834 4109 897 4153 von
919 4091 1017 4152 ntiten
1039 4088 1118 4165 sein,
1143 4088 1227 4152 allen
1252 4086 1324 4152 fleill
1346 4088 1417 4154 und

333 4248 345 4299 l
365 4245 539 4299 zertrennen.
575 4243 612 4298 Es
629 4243 705 4298 werd
723 4242 754 4296 in
771 4241 820 4296 der
838 4241 970 4312 yetaigen
988 4239 1120 4310 Religion
1138 4239 1240 4296 sachen
1259 4241 1417 4313 gebandelt

260 4349 317 4387 1188
336 4332 373 4386 da
391 4331 481 4396 wdlle,
501 4347 553 4385 nur
571 4330 622 4385 das
640 4347 708 4385 man
726 4329 784 4384 sich
802 4328 846 4383 nit
864 4327 993 4399 zerteyle,
1056 4329 1164 4383 2fehlt
1181 4331 1235 4384 etc.
1299 4329 1417 4384 31181111

260 4421 333 4476 stott
351 4417 450 4473 weder.
