3082 4938
840 357 904 422 200

298 530 401 596 biores
425 531 501 598 iacti
524 533 600 595 suut
623 527 758 596 Romani
782 531 956 615 pontifices,
985 553 1108 616 quoquc
1130 533 1281 617 majorem
1303 531 1440 598 feceruut

299 637 447 720 injuriam
471 637 568 702 verbo
589 636 665 716 Dei,
694 637 777 720 quod
807 659 870 701 suae
899 637 1079 722 tyrannidis
1108 637 1330 702 confirmandae
1351 659 1440 703 causa

298 745 401 806 totum
417 743 685 818 contaminarunt,
702 763 738 806 eo
753 743 882 834 fuerunt
893 742 1049 807 feliciores
1060 741 1235 806 'furcarum
1246 763 1438 827 progressum

300 850 332 911 et
362 869 424 932 quo
453 849 554 930 major
585 848 649 912 fuit
681 867 738 930 per
768 851 891 910 nostras
921 846 1097 932 provincias
1120 841 1257 912 Romani
1286 846 1440 932 pontilicis

299 952 479 1027 auctoritas,
503 973 539 1016 eo
562 953 696 1017 vicinior
720 953 810 1017 nobis
832 953 935 1017 factus
958 957 1006 1017 est
1022 953 1132 1017 Turca.
1160 953 1221 1030 Qui
1233 953 1322 1036 [ltij]
1338 957 1439 1017 trans·

299 1058 395 1122 misso
417 1058 543 1122 taudem
560 1057 767 1141 Hellesponto
790 1058 967 1142 penetravit
988 1059 1024 1122 iu
1040 1057 1209 1142 Europam,
1232 1060 1363 1142 ejusque
1384 1058 1440 1123 loci

298 1163 479 1227 firmissimo
502 1167 593 1247 capto
616 1165 853 1248 propugnaculo
876 1168 979 1228 totum
1002 1185 1037 1228 sc
1058 1163 1150 1227 nobis
1170 1164 1236 1246 jam
1260 1164 1440 1228 insinuavit.
1513 1191 1514 1200 ¹

298 1270 358 1334 illo
381 1269 482 1354 igitur
503 1275 645 1354 tempore
667 1271 776 1336 saevire
795 1271 939 1353 coepitio
955 1291 1029 1347 nos3
1052 1274 1085 1334 et
1105 1269 1259 1348 hodierno
1279 1269 1341 1346 dic,
1365 1289 1440 1352 quo·

297 1376 383 1440 niem
407 1397 544 1459 praescns
567 1398 603 1440 ac
623 1375 751 1460 insigne
771 1374 957 1440 beneficium
980 1375 1040 1440 Dei
1064 1397 1128 1439 nou
1151 1375 1363 1460 agnoscimus,
1389 1373 1442 1458 qui

298 1483 330 1546 in
355 1481 405 1545 bis
427 1483 527 1546 tantis
557 1483 692 1545 miseriis
725 1481 881 1565 evangelii
913 1480 963 1546 sui
986 1481 1162 1546 (1111111111
1186 1480 1277 1545 uobis
1300 1477 1442 1556 reddidit,

297 1587 437 1650 omnium
462 1586 676 1650 crudelissime
699 1585 921 1669 belligeratur,
951 1585 1053 1649 etita
1076 1584 1204 1669 quidem
1225 1583 1373 1660 feliciter,
1397 1586 1439 1658 ut,

297 1691 420 1773 quoties
444 1692 477 1755 iu
500 1713 558 1756 nos
581 1691 751 1756 exercitum
768 1691 880 1772 educit,
904 1689 942 1754 de
958 1689 1198 1774 victoriapropc
1212 1688 1295 1754 nibil
1309 1687 1439 1752 dubitet.

297 1796 389 1861 Hanc
411 1801 516 1861 autem
540 1817 644 1861 rerum
669 1796 851 1860 vastitatem
875 1793 1038 1880 profligari
1060 1816 1153 1878 posse
1183 1794 1282 1858 credit
1313 1793 1386 1872 ille,
1415 1791 1441 1857 si

297 1902 413 1966 bellum
438 1903 561 1966 nullum
583 1905 667 1966 essct
688 1901 770 1984 apud
794 1921 851 1965 nos
875 1900 975 1966 civile.
1006 1899 1066 1966 Sed
1083 1922 1178 1985 quam
1192 1921 1259 1964 rem
1280 1901 1439 1984 ingraves-

297 2010 396 2074 centis
419 2009 521 2072 morbi
545 2007 732 2071 medicinam
755 2027 821 2070 esse
849 2011 960 2089 putat,
992 2005 1060 2070 haeo
1081 2005 1151 2090 ipsa
1172 2026 1223 2070 res
1246 2006 1376 2070 morbus
1396 2007 1441 2069 ast

296 2117 390 2196 atque
418 2113 566 2196 praesenti
601 2133 681 2194 opus
708 2111 805 2177 babet
836 2113 981 2176 remedio.
1029 2110 1090 2175 Hic
1112 2111 1303 2176 obmutescit
1324 2115 1357 2176 11
1379 2111 1439 2175 dia-

296 2217 434 2290 simulat,
460 2239 559 2300 neque
576 2217 689 2281 vulnus
705 2218 834 2302 detegit,
858 2221 891 2281 et
904 2216 1115 2281 reconciliatis
1131 2217 1312 2300 principum
1328 2217 1440 2284 animis

296 2325 403 2388 omnia
425 2322 485 2386 sibi
509 2343 660 2405 prospera
681 2322 857 2404 pollicetur,
880 2325 913 2384 11
935 2320 1013 2385 illud
1037 2322 1071 2384 in
1095 2321 1216 2404 primis,
1241 2321 1342 2406 quod,
1366 2342 1440 2406 quas

297 2430 363 2510 ipse
385 2431 477 2491 vocnt
498 2427 651 2502 haereses,
686 2448 737 2491 eas
767 2425 941 2492 1111111111
971 2429 1040 2490 tum
1062 2425 1157 2490 facile
1177 2447 1269 2511 posse
1291 2427 1440 2492 radicitus

297 2535 396 2598 evelli.
443 2533 621 2597 Admodum
645 2533 778 2598 fecunda
800 2537 876 2596 sunt
898 2533 965 2598 haec
987 2533 1074 2597 illius
1097 2533 1201 2608 verba,
1225 2547 1328 2615 neque
1351 2529 1440 2594 facilc

296 2643 397 2704 toturn
422 2638 555 2720 exprimi
579 2641 699 2719 potest,
729 2639 810 2722 quod
835 2639 868 2702 iu
894 2637 957 2702 11111
980 2639 1101 2723 tegitur
1123 2638 1311 2702 involutum.
1358 2634 1438 2700 Nam

295 2744 561 2806 existimationem
596 2743 656 2806 sibi
691 2747 784 2824 porat
815 2742 874 2808 hoc
907 2743 997 2827 ipso,
1039 2743 1128 2826 quasi
1162 2742 1322 2826 publicam
1357 2740 1439 2806 orbis

295 2847 430 2927 quietem
456 2847 571 2929 cupiat,
595 2849 685 2931 quasi
708 2849 876 2913 concilium
891 2851 996 2931 optet3
1022 2848 1179 2932 principes
1195 2846 1301 2922 etiam,
1325 2845 1438 2930 quibus

295 2952 351 3016 illa
373 2952 509 3032 scripsit,
532 2953 660 3035 oblique
682 2953 936 3030 commonefacit,
965 2955 1002 3017 ut
1029 2953 1062 3016 in
1086 2973 1139 3027 ea,
1171 2971 1266 3036 quam
1287 2950 1437 3016 hacteuus

295 3057 495 3120 retinuerunt
518 3077 593 3140 erga
615 3057 738 3139 ipsum,
773 3057 936 3121 voluntate
964 3060 997 3122 11
1024 3057 1244 3134 observantia,
1278 3056 1345 3120 siut
1367 3076 1439 3120 cou-

295 3167 435 3236 stantes,
468 3183 569 3245 neque
601 3141 776 3225 doctrinam
805 3162 978 3225 admittant
1000 3161 1107 3237 illam,
1140 3183 1236 3246 quam
1258 3159 1342 3224 iuter
1364 3159 1440 3225 alias

295 3268 379 3331 orbis
402 3267 599 3332 calamitates
622 3271 779 3343 recenset,
801 3290 838 3332 ac
860 3267 952 3331 facile
975 3271 1096 3350 sperat,
1120 3265 1259 3349 adeoque
1280 3263 1439 3348 promittit

294 3360 544 3458 opprimi'posse
566 3375 676 3446 totam,
700 3373 877 3454 conjunctis
900 3393 1010 3456 regum
1027 3371 1147 3436 viribus
1162 3375 1195 3434 11
1214 3371 1219 3451 Ι
1239 3370 1343 3433 armis
1380 3368 1441 3433 De·

295 3477 384 3550 inde,
408 3461 481 3539 11111
505 3477 550 3538 sic
575 3476 613 3539 ad
637 3477 902 3556 perseverantiam
926 3497 978 3540 eoa
1002 3478 1166 3553 hortetur,
1198 3475 1257 3539 alit
1278 3473 1440 3548 factiones,

294 3587 324 3643 et
348 3581 385 3644 ad
410 3581 559 3662 mojorem
584 3579 790 3644 acerbitatem
811 3579 989 3644 inflammat
1011 3580 1144 3656 animos,
1168 3584 1200 3644 et
1222 3583 1374 3662 tauquam
1394 3577 1440 3642 di·

294 3685 361 3767 gito
385 3684 519 3758 indicat,
553 3683 586 3745 iu
610 3683 649 3744 iis
672 3683 809 3747 comitiis
831 3689 863 3748 11
886 3683 1126 3768 quibuscunque
1148 3684 1220 3748 aliia
1241 3683 1441 3748 tractandum

293 3809 359 3851 esse.
384 3789 420 3850 de
444 3788 545 3851 causis
568 3790 692 3850 tantum
719 3787 872 3866 civilibus,
897 3791 930 3850 et
953 3788 1116 3866 religionis
1140 3789 1302 3874 negotium
1331 3788 1440 3854 debere

294 3891 332 3954 ed
349 3890 515 3954 concilium
531 3891 693 3973 publicum
704 3890 800 3973 rejici.
827 3892 916 3969 Quod
928 3891 1020 3958 facile
1032 3895 1134 3976 possit
1144 3895 1214 3979 cogi
1227 3895 1333 3959 sedato
1349 3890 1439 3968 bello,

294 3997 381 4077 cujus
398 3995 659 4078 pacificationem,
683 3997 758 4080 quia
773 3997 994 4061 difficillimam
1011 4001 1043 4060 et
1058 3999 1295 4082 supramodum
1312 3998 1438 4063 arduam

243 4097 246 4103 ’
293 4121 360 4162 1111
371 4101 466 4170 videt,
481 4100 550 4164 ideo
560 4100 777 4166 vehementius
789 4107 890 4187 urget,
907 4106 951 4173 ut,
969 4122 1156 4186 quocunque
1167 4101 1260 4166 modo
1275 4123 1324 4166 res
1341 4101 1438 4175 cadat,

293 4223 350 4284 pro
362 4205 524 4284 republica
538 4205 647 4270 iecisse
659 4206 780 4289 aliquid
790 4207 942 4272 videatur.
966 4207 1059 4284 Quid,
1076 4229 1116 4271 au
1132 4207 1233 4271 ullum
1249 4205 1302 4272 bic
1312 4205 1439 4290 apparet

294 4306 478 4388 poenitentis
494 4309 594 4373 animi
609 4297 806 4396 vestigium?
828 4334 869 4376 au
885 4311 952 4377 ulla
967 4333 1037 4397 spes
1048 4311 1277 4377 emendationis
1288 4310 1438 4396 affirlget‘?
