3172 4962
708 359 769 422 173

161 531 292 617 plenum
326 531 407 596 rosis
441 527 617 595 odoriferis.
664 529 789 595 Accidit
822 534 944 609 eutem,
984 533 1066 617 quod
1094 535 1206 620 perdix
1239 535 1313 601 inde

162 637 335 703 transitum
367 635 480 700 babuit
510 639 542 699 et
573 633 633 714 hoe
654 635 810 700 rosarium
833 637 961 700 intuens
983 636 1022 702 de
1044 640 1125 706 rosis
1148 642 1214 706 illis
1237 662 1312 706 con·

164 743 309 822 sulcavit,
332 743 416 806 unde
438 742 476 806 ad
501 741 605 824 ipsum
628 741 801 806 declinavit
823 741 930 807 diceus
947 740 975 805 ¹:
1008 764 1027 807 o
1056 743 1114 809 flos
1137 745 1229 810 decus
1252 746 1311 811 flo-

163 869 245 926 rum,
269 847 402 912 concede
423 845 502 910 mihi
526 844 564 911 de
586 845 666 910 rosis
690 846 772 923 tuis,
798 847 947 928 quoniam
963 868 1013 910 me
1035 869 1176 915 recreare
1199 850 1311 935 paulu-

136 951 228 1016 clum
252 959 384 1036 peropto
414 950 522 1015 iubis
550 950 708 1016 odoribus.
753 949 811 1015 cui
842 951 1015 1015 rosarium:
1047 954 1156 1018 aceede
1179 955 1218 1020 ad
1249 977 1311 1035 me,
1345 963 1347 968 '

163 1077 251 1120 soror
262 1055 490 1133 amantissima,
509 1061 542 1118 et
553 1055 660 1138 accipe
675 1055 713 1120 de
728 1055 962 1140 pulchrioribus
977 1057 1015 1120 ad
1033 1056 1171 1126 libitum.
1217 1059 1312 1125 Oum-

164 1183 225 1244 que
247 1162 357 1244 perdix
380 1161 418 1225 ad
442 1161 597 1227 rosarium
616 1159 786 1239 advolaret,
811 1166 847 1225 ut
863 1161 901 1224 de
916 1161 995 1224 rosis
1011 1162 1186 1248 colligeret,
1210 1165 1310 1248 spineo

164 1266 257 1349 pedes
280 1267 346 1349 ejus
369 1271 401 1332 et
423 1267 518 1331 tibias
533 1270 737 1350 pupugerunt
759 1266 814 1342 its,
838 1266 920 1349 quod
943 1266 1082 1332 libenter
1098 1269 1217 1353 absque
1231 1269 1311 1334 rosis

163 1371 258 1435 rediit
281 1371 403 1434 diceus:
426 1391 506 1436 rosae
529 1369 668 1455 pulchrae
692 1374 769 1433 sunt
792 1375 825 1434 et
839 1391 927 1447 carae,
951 1393 1029 1436 rosae
1045 1393 1170 1458 quoque
1187 1395 1310 1438 urnarae.

122 1500 148 1536 ιο
163 1474 331 1540 Rosarium
354 1481 403 1539 est
424 1474 570 1552 mundus,
593 1494 673 1538 rosae
685 1474 769 1538 inter
783 1474 891 1558 spinas
906 1479 982 1539 suut
997 1474 1118 1542 divitiae
1133 1479 1310 1558 muudauae,

164 1601 243 1664 ques
264 1580 402 1644 salvator
425 1582 650 1644 commemorat
672 1577 758 1643 Luca
787 1583 941 1645 testante:
973 1603 1075 1646 sermo
1104 1587 1152 1647 est
1181 1584 1313 1648 verbum

163 1684 232 1749 Dei.
279 1683 321 1750 Et
343 1684 389 1749 ibi
411 1684 490 1748 dicit
505 1681 696 1769 Gregorius:
720 1684 790 1767 quis
807 1684 891 1747 enim
907 1684 987 1748 mihi
1003 1708 1144 1769 unquam
1161 1689 1312 1768 crederet,

164 1790 192 1854 si
225 1790 333 1876 spinas
365 1789 492 1854 divitias
526 1788 730 1872 interpretari
762 1788 948 1866 voluissem,
983 1791 1120 1856 maxime
1152 1814 1224 1857 curu
1258 1793 1315 1858 illa

163 1902 306 1982 punget,
331 1897 400 1960 istse
422 1895 596 1971 delectent,
620 1899 652 1958 et
675 1898 783 1958 tamen
805 1894 1022 1978 spirarunt,
1047 1897 1122 1979 quis
1145 1897 1313 1983 cogitatio-

126 2024 152 2062 ιι
166 2021 243 2065 num
275 2023 403 2067 suarum
436 1999 663 2084 punctionibus
685 2002 824 2062 mentem
847 1999 998 2065 lacerant.
1043 2000 1086 2065 Et
1116 2023 1186 2066 cum
1216 2026 1314 2090 usque

165 2107 205 2172 ad
228 2112 392 2192 peecatum
414 2105 619 2190 pertrabant,
652 2105 744 2189 quasi
766 2104 887 2170 inflicto
909 2107 1039 2172 vulnere
1060 2115 1248 2189 cruentant,
1280 2114 1314 2176 et

164 2218 202 2278 ut
215 2213 292 2278 dicit
302 2213 491 2290 Bernardus,
509 2215 620 2276 vestrae
630 2233 704 2294 opes
720 2231 808 2274 vanae
825 2215 910 2289 sunt,
928 2210 1089 2278 dominum
1105 2216 1268 2298 perimunt
1281 2219 1315 2280 et

164 2341 289 2384 servum
312 2318 444 2395 faciunt,
469 2316 670 2382 securitatem
686 2316 880 2399 promittunt
902 2321 934 2380 et
949 2317 1098 2382 timorem
1115 2319 1311 2405 impingunt.
1434 2319 1442 2334 '

164 2423 257 2489 Unde
278 2424 381 2508 prima
404 2421 544 2486 Timoth.
560 2419 642 2485 V1⁰:
666 2419 720 2504 qui
744 2421 856 2484 volunt
879 2419 991 2486 divites
1008 2421 1087 2500 fieri,
1112 2424 1257 2488 incidunt
1277 2424 1313 2488 in

124 2547 150 2586 πο
164 2529 406 2613 temptationem
436 2531 469 2591 et
498 2526 532 2590 iu
555 2525 703 2609 laqueum
734 2524 853 2589 diaboli
883 2529 916 2588 et
946 2525 1100 2592 desideria
1129 2529 1231 2593 multa
1262 2529 1312 2592 in-

164 2633 257 2698 utilia
288 2638 321 2698 et
351 2633 480 2710 nociva,
511 2652 582 2714 quae
603 2633 754 2715 mergunt
777 2628 938 2694 homiuem
961 2629 995 2694 in
1020 2631 1185 2698 interitum
1215 2637 1248 2698 et
1278 2633 1312 2698 iu

165 2738 385 2823 proditionem.
431 2735 483 2802 Sic
505 2734 603 2800 refert
624 2734 831 2799 Hierouimus
853 2735 891 2798 de
907 2732 999 2800 Orate
1015 2737 1154 2803 thebano
1169 2737 1310 2821 philoso-

163 2844 245 2928 pho,
274 2844 329 2926 qui
359 2842 459 2907 eleeto
490 2862 608 2926 magno
637 2840 706 2905 auri
736 2840 874 2924 pondere
904 2839 1049 2905 inmane
1075 2843 1207 2926 projecit
1230 2842 1312 2907 illud

165 2949 287 3014 dicens:
322 2947 408 3012 abite
431 2945 522 3012 melae
544 2945 734 3030 cupiditates
757 2946 791 3009 in
815 2945 1024 3031 profundum,
1059 2967 1118 3032 ego
1150 2969 1206 3012 ros
1229 2970 1311 3013 mer-

126 3071 255 3139 ugaur,
287 3073 326 3116 ue
353 3053 421 3134 ipse
443 3073 570 3138 mergar
591 3050 724 3115 avobis.
778 3050 836 3115 cui
864 3051 968 3115 simile
997 3052 1176 3135 exemplum
1206 3052 1313 3136 posuit

165 3157 336 3244 Gregorius
366 3157 404 3221 de
427 3157 562 3240 quodam
585 3155 790 3240 philosopho,
820 3156 876 3238 qui
910 3177 1061 3239 maguum
1092 3156 1214 3240 pondus
1241 3157 1311 3222 auri

163 3284 269 3328 secum
291 3262 421 3340 detulit,
452 3284 508 3345 per
536 3263 620 3326 viam
643 3265 748 3326 autem
779 3281 884 3325 secum
908 3260 1084 3326 deliberans
1114 3266 1147 3326 et
1169 3263 1311 3327 conside·

163 3389 254 3446 rans,
278 3389 311 3432 se
333 3388 395 3431 non
421 3387 511 3452 posse
533 3367 628 3430 simul
658 3367 792 3430 virtutes
824 3371 856 3429 et
878 3364 1006 3430 divitius
1029 3366 1206 3450 possidere,
1239 3387 1312 3448 pro·

161 3473 238 3558 jecit
260 3497 278 3538 a
300 3494 334 3538 se
356 3494 468 3537 aurum
491 3477 523 3536 et
545 3472 643 3537 dixit:
674 3493 693 3535 o
725 3471 849 3566 divitis
874 3469 961 3535 abite
991 3475 1033 3556 et¹
1054 3471 1125 3536 sitis
1154 3470 1265 3554 procul
1296 3493 1315 3536 a

125 3598 151 3636 ω
165 3579 265 3643 nobis.

394 3749 449 3820 De
470 3774 642 3840 rsmpno
663 3756 705 3818 et
727 3749 907 3831 damula,
931 3749 1003 3818 dial.
1029 3753 1080 3818 33.

252 3891 427 3982 Rsmpnm,
451 3897 529 3961 dicit
552 3895 678 3981 Papias,
702 3901 750 3960 est
773 3895 866 3979 spina
887 3894 960 3959 alba
982 3894 1032 3958 vel
1054 3892 1179 3979 lignum
1204 3890 1314 3974 spino·

164 4023 244 4068 sum.
299 3999 455 4078 Ramnes,
494 4003 530 4064 ut
561 3999 762 4084 Augustinus
794 3999 828 4062 in
856 3999 964 4083 glossa
997 4018 1090 4081 super
1122 3993 1314 4060 Psalterium

165 4107 227 4185 sit,
259 4109 309 4168 est
337 4126 436 4190 genus
468 4104 632 4188 spinarum
662 4103 902 4181 densissimum,
937 4124 1007 4187 quae
1031 4103 1064 4166 iu
1088 4101 1185 4166 herba
1208 4101 1314 4166 mollis

128 4231 152 4270 u
166 4216 213 4276 est
236 4214 268 4275 et
291 4209 434 4295 pulchra,
457 4209 513 4273 nbi
536 4213 644 4273 tamen
666 4209 766 4292 spinae
788 4213 863 4272 sunt
886 4212 996 4293 postea
1017 4229 1217 4292 processura.
1263 4205 1315 4272 Ad

732 4329 750 4369 a
795 4353 800 4360 .

237 4440 251 4495 1
271 4435 397 4494 tudere:
416 4438 445 4494 et
462 4437 515 4493 hoc
531 4433 669 4494 rosarium
687 4433 801 4490 intuens
819 4429 854 4490 de
870 4433 940 4491 rosis
952 4431 1030 4488 illius
1042 4429 1200 4506 postulavit
1212 4429 1314 4492 dicens.
