3172 4962
770 275 830 338 152

225 466 377 532 apparere
398 445 497 524 facit,
530 446 642 532 implet
674 445 780 511 oculos
809 451 841 512 ct
876 470 940 513 non
962 448 1070 526 satiat,
1094 451 1131 512 ut
1153 447 1231 518 dicit
1252 446 1380 532 Papias.

227 551 360 630 Quidam
385 556 490 618 autem
512 553 649 618 annulus
672 575 785 618 aurens
807 554 981 639 pretiosum
1002 555 1158 636 quendam
1174 552 1379 639 smaragdum

225 657 380 743 gestabat,
403 661 632 743 propterquod
646 679 755 724 omnes
771 659 860 724 avide
875 682 948 726 eum
968 659 1184 724 intuebantur.
1233 657 1379 736 Quadam

226 767 331 826 antem
363 763 429 828 vice
460 763 587 848 ingrate
617 769 665 828 cst
698 765 834 829 annulus
868 765 993 829 loeutus
1030 763 1154 829 dicens:
1186 763 1310 846 jamdiu
1344 763 1379 826 in

199 865 363 932 astatione
392 889 461 933 mea
484 874 625 934 moratus
651 891 683 934 es
717 892 774 935 nec
805 891 945 954 nuquam
976 868 1116 955 pretium
1139 867 1220 932 mihi
1244 865 1378 943 dedisti:

225 971 309 1036 unde
331 974 415 1038 solve
439 975 575 1057 pretium
600 975 774 1040 mansionis
797 995 874 1040 meae
896 978 929 1038 et
953 973 1059 1040 recede
1082 977 1138 1040 aut
1152 976 1185 1037 te
1205 971 1379 1056 spoliatum

227 1076 390 1162 expellam.
446 1075 504 1144 Cui
534 1079 736 1164 smaragdus:
768 1079 797 1144 si
827 1083 931 1144 tecum
953 1081 1095 1143 moratus
1118 1099 1208 1156 sum,
1241 1098 1298 1161 per
1328 1097 1381 1140 me

227 1203 350 1266 semper
372 1183 546 1276 honoratus
569 1184 720 1249 exstitisti
752 1189 808 1248 aut
837 1184 871 1247 in
894 1183 996 1268 digito
1020 1182 1106 1268 regis
1140 1182 1319 1266 bajulatus,
1347 1184 1381 1246 et

227 1287 256 1350 si
278 1287 434 1372 expellere
456 1289 593 1366 mavis,
624 1311 673 1353 me
696 1290 789 1354 modo
812 1289 910 1353 vende
932 1292 964 1354 et
986 1288 1024 1364 de
1046 1288 1150 1372 pretio
1173 1288 1293 1353 valoris
1316 1287 1381 1352 mei

190 1411 215 1449 ιο
229 1391 316 1457 solve
338 1394 509 1458 stationem
526 1397 625 1472 tuam,
649 1394 803 1478 quianon
819 1395 942 1458 deficiet
958 1393 1038 1460 mihi
1053 1392 1185 1458 mansio.
1229 1391 1382 1458 Annulns

229 1502 334 1560 autem
359 1519 430 1562 cum
453 1497 595 1564 dedomo
616 1521 673 1564 sua
696 1500 867 1583 expelleret
889 1521 960 1566 eum
985 1521 1020 1564 ac
1042 1498 1112 1564 sine
1134 1499 1202 1582 ipso
1224 1501 1381 1576 maneret,

229 1601 369 1686 abjectus
392 1608 425 1667 et
447 1603 541 1667 nihili
565 1608 730 1688 reputatus
765 1605 829 1670 fuit
850 1604 890 1669 ab
914 1597 1062 1669 omnibus
1085 1607 1118 1668 et
1141 1602 1181 1666 ad
1203 1607 1382 1668 extremum

228 1706 417 1790 liquefactus
440 1705 538 1774 dixit:
563 1709 617 1792 qui
640 1732 711 1774 curn
733 1711 871 1794 pretioso
894 1709 995 1788 sedit,
1019 1709 1057 1772 fit
1078 1707 1234 1791 abjectus,
1258 1708 1286 1772 si
1309 1728 1382 1790 spe·

229 1813 331 1875 ciosus
355 1812 479 1878 recedit.
526 1813 578 1879 Sic
600 1816 684 1880 enim
708 1837 815 1880 servus
838 1814 957 1880 Christi
981 1819 1029 1878 cst
1052 1813 1258 1890 venerandus,
1283 1811 1384 1876 donec

192 1945 217 1984 n
231 1917 265 1980 in
289 1937 321 1980 se
344 1917 460 1980 retinet
475 1919 631 2003 pretiosas
647 1919 791 1998 virtutes,
816 1919 844 1984 si
860 1923 966 1984 autem
982 1918 1101 2003 abjicit,
1123 1916 1162 1980 fit
1178 1915 1383 2000 abjiciendus.

230 2021 289 2087 Sed
313 2021 394 2085 sieut
416 2021 493 2086 'dicit
516 2022 648 2103 Seneca,
679 2025 781 2090 bonus
814 2024 862 2088 vir
884 2024 911 2088 si
941 2024 1129 2100 bonusest,
1159 2021 1224 2086 suis
1258 2018 1384 2084 actibus

230 2126 384 2210 probatur
409 2127 508 2190 etsie
531 2127 682 2210 probatus
706 2133 850 2212 repertus
873 2131 930 2193 est.
978 2126 1121 2204 Quodam
1143 2128 1287 2208 tempore
1309 2143 1384 2187 cum

231 2230 411 2296 Alexander
433 2253 566 2317 magnus
590 2233 716 2310 diceret,
740 2256 774 2298 se
796 2255 861 2298 esse
882 2232 1113 2297 dominatorem
1129 2227 1226 2306 orbis,
1250 2246 1383 2310 respon·

232 2336 279 2399 dit
301 2335 330 2399 ei
353 2335 512 2421 Diogenes
536 2337 757 2422 philosophus:
780 2359 980 2421 nequaquam
1003 2358 1036 2401 es
1059 2335 1214 2411 dominns,
1237 2331 1290 2396 sed
1313 2351 1382 2395 ser-

193 2468 219 2507 re
231 2461 342 2505 vorum
365 2463 506 2506 meorum
529 2464 644 2520 servus,
669 2443 817 2528 spperbia
832 2448 880 2507 est
894 2443 980 2506 enim
995 2440 1123 2506 domina
1138 2441 1194 2502 tua
1216 2441 1248 2502 et
1265 2435 1385 2502 ancilla

231 2568 309 2611 mea.
356 2547 401 2611 Te
424 2546 508 2611 enim
534 2547 629 2624 ducit,
654 2568 713 2632 ego
735 2551 840 2612 autem
864 2567 966 2611 meam
982 2542 1192 2629 suppeditavi.
1238 2539 1384 2606 Oarnalia

232 2651 503 2736 concupiscentia,
528 2653 604 2737 gula
627 2656 659 2716 et
681 2652 729 2716 ira
752 2656 827 2718 sunt
850 2651 985 2716 domine
1007 2652 1071 2715 tuse
1093 2650 1126 2714 ct
1147 2646 1272 2713 ancillae
1294 2667 1382 2726 meae,

233 2757 308 2840 qnia
330 2763 362 2820 te
384 2756 503 2820 ducunt
527 2762 559 2820 et
589 2757 649 2821 tibi
673 2757 887 2824 dominantur.
934 2755 1003 2842 Ego
1026 2757 1135 2820 autem
1157 2775 1210 2818 eas
1232 2751 1383 2836 suppedi-

232 2860 297 2924 tavi
322 2864 355 2923 et
377 2860 448 2936 vici,
471 2864 504 2924 et
525 2861 595 2925 ideo
618 2865 653 2924 tu
678 2883 749 2926 vere
772 2882 990 2926 essarrorum
1012 2879 1155 2924 meorum
1177 2879 1294 2922 servus.
1341 2855 1386 2920 Et

193 2988 219 3028 re
233 2986 303 3030 cum
327 2965 408 3028 servi
432 2964 606 3030 Alexandri
629 2965 748 3030 vellent
771 2967 874 3050 ipsum
903 2986 1009 3044 ruere,
1034 2965 1081 3028 ait
1103 2961 1300 3028 Alexander:
1335 2959 1384 3024 vi·

233 3069 312 3146 dete,
338 3091 375 3132 ne
398 3091 468 3134 eum
493 3071 645 3155 tangatis,
669 3071 744 3155 quia
766 3093 839 3136 vere
861 3071 963 3136 bonus
986 3073 1089 3134 estet
1112 3068 1278 3135 veritatem
1295 3066 1386 3132 dicit.

232 3175 324 3242 Unde
340 3173 528 3260 Gregorius:
551 3174 645 3240 homo
670 3195 792 3262 magnae
807 3175 975 3262 dignitatis
991 3179 1048 3253 est,
1072 3174 1098 3238 si
1114 3172 1234 3257 reperit
1254 3191 1288 3236 se
1310 3192 1379 3236 mo·

233 3263 292 3359 dc,
307 3302 369 3364 quo
393 3279 494 3358 debet,
518 3281 585 3343 sine
608 3280 704 3358 vitiis,
728 3281 856 3365 signum
879 3301 1003 3366 magnae
1028 3277 1189 3344 virilitatis
1212 3281 1269 3343 est.

195 3478 221 3516 ee
457 3453 512 3518 De
535 3454 706 3539 saphiro
729 3459 768 3519 et
790 3453 991 3532 aurifice,
1015 3453 1088 3518 dial.
1117 3455 1164 3516 15.

321 3593 484 3679 Saphirus,
508 3594 584 3658 dicit
597 3594 955 3680 YsidorusEthimolog.
973 3593 1061 3672 XVI,
1085 3592 1200 3658 similis
1217 3594 1265 3654 est
1276 3610 1387 3654 sereno

234 3700 329 3778 coelo,
362 3698 417 3782 qui
446 3719 609 3782 percussus
641 3700 737 3765 radiis
768 3699 843 3766 solis
874 3700 1038 3766 ardentem
1070 3697 1191 3762 emittit
1214 3693 1386 3779 fulgorem.

234 3803 367 3880 Quidam
390 3813 495 3870 autern
520 3803 641 3869 aurifex
665 3804 749 3869 hunc
771 3805 935 3890 saphirum
961 3802 1135 3888 pretiosum
1158 3799 1192 3864 in
1210 3798 1389 3864 diademate

235 3911 437 3994 imperatoris
460 3909 611 3974 collocare
633 3910 831 3992 disponebat.
880 3909 970 3988 Quod
1001 3908 1129 3972 intuens
1153 3905 1300 3990 saphirus
1323 3903 1388 3969 ait:

197 4033 222 4071 ³⁶
236 4014 388 4098 magister
409 4014 508 4091 bone,
538 4015 605 4079 noli
628 4037 678 4079 me
702 4015 883 4094 includere,
913 4015 988 4099 quia
1010 4013 1092 4079 liber
1113 4033 1184 4078 sum
1206 4014 1238 4077 et
1258 4010 1387 4096 juvenis

236 4118 393 4182 secularis.
441 4118 559 4182 Idcirco
583 4119 699 4184 uolua
728 4119 832 4183 seculo
855 4118 1013 4203 separari,
1043 4116 1098 4182 red
1129 4115 1222 4200 cupio
1251 4116 1390 4200 gaudere

237 4227 269 4286 et
302 4244 358 4306 per
391 4226 495 4288 totum
525 4222 678 4288 mundum
710 4223 854 4307 spatiari.
899 4221 958 4288 Cui
990 4221 1130 4288 aurifex:
1165 4220 1301 4286 inclusio
1332 4224 1390 4288 tua

238 4326 298 4390 erit
320 4327 474 4392 sanctitas
496 4331 561 4407 tna,
585 4330 735 4414 quoniam
760 4335 791 4394 te
813 4327 974 4394 collocabo
998 4328 1034 4392 in
1049 4329 1120 4392 tuto
1142 4325 1223 4407 loeo,
1246 4325 1302 4391 ubi
1318 4325 1390 4391 sine
