3172 4962
812 251 873 317 186

265 424 456 508 procederet,
479 428 516 488 ut
538 447 609 489 eum
632 424 699 489 vita
719 425 868 508 privaret,
896 445 1024 508 serpens
1045 445 1078 490 se
1092 422 1278 489 fortificavit
1292 423 1424 507 ipsum-

265 550 325 612 que
340 529 511 593 momordit
533 535 565 593 et
580 529 768 594 intoxicavit
784 529 905 594 dicens:
930 549 1000 593 cum
1020 529 1131 614 ignoto
1146 528 1290 612 proeliari
1305 527 1423 591 nullus

263 633 356 698 debet
378 655 435 699 nec
457 635 563 699 rixari.
609 633 659 701 Sic
682 635 766 700 enim
790 634 896 698 nullus
925 655 996 698 cum
1019 633 1132 718 ignoto
1167 632 1233 697 sive
1265 633 1422 718 despecto

264 742 421 804 certamen
445 745 594 817 assumat,
618 741 693 824 quia
715 741 748 804 iu
765 759 901 824 persona
917 738 1018 804 virtus
1035 761 1099 803 non
1120 741 1177 815 est,
1200 738 1256 803 sed
1272 738 1305 802 in
1322 737 1423 803 eorde

237 861 300 908 sac
321 843 459 928 ingenio.
495 843 637 910 Bellator
661 843 791 909 Goliath
815 843 957 927 despexit
978 841 1091 920 David,
1115 843 1168 907 sed
1183 842 1224 908 ab
1251 863 1288 908 eo
1312 841 1421 908 inter·

262 946 363 1012 fectus
387 951 444 1024 est,
469 949 571 1032 primo
594 947 719 1034 Regum
742 947 864 1012 XV110.
911 947 993 1013 (lave
1016 947 1112 1011 etiam
1136 950 1268 1030 propter
1283 947 1368 1011 iram
1385 952 1422 1012 et

262 1053 469 1136 cupiditatem
491 1052 638 1118 vindictae
661 1053 808 1137 proelium
833 1052 924 1130 inire,
948 1051 1024 1135 quia
1047 1052 1148 1116 iratus
1170 1070 1294 1135 semper
1310 1056 1420 1134 putat,

262 1177 295 1220 se
317 1156 389 1242 plus
416 1179 507 1241 posse
537 1179 630 1240 super
659 1178 783 1234 omnes,
815 1157 884 1221 ideo
914 1157 1102 1220 minoratur.
1154 1147 1246 1220 Unde
1276 1155 1419 1221 Seneca

261 1281 383 1345 semper
413 1261 513 1326 iratus
542 1261 614 1345 plns
645 1265 740 1345 putat
769 1283 802 1326 se
833 1281 924 1344 posse
954 1282 1049 1345 quam
1080 1260 1190 1344 possit.
1242 1259 1287 1324 Et
1308 1262 1419 1328 idem:

222 1389 248 1426 lo
262 1367 363 1450 legem
387 1365 468 1430 solet
495 1365 640 1430 oblivisci
669 1366 849 1442 iracundia;
882 1365 964 1430 unde
993 1364 1214 1448 philosophus:
1244 1364 1297 1431 lex
1326 1367 1420 1432 videt
1454 1359 1459 1366 ’

261 1472 397 1547 iratum,
430 1471 530 1534 iratus
559 1491 623 1534 non
653 1470 739 1535 videt
761 1471 859 1535 illam.
907 1469 953 1536 aa
975 1475 1106 1554 propter
1129 1469 1343 1538 abscindenda
1364 1475 1420 1537 est

261 1576 300 1641 ab
331 1575 452 1654 animo,
485 1575 561 1658 quia
591 1575 673 1640 sicut
703 1575 819 1640 dicitur
845 1574 936 1640 Prov.
967 1571 1110 1639 XXVII⁰
1140 1574 1189 1640 ira
1218 1597 1283 1640 non
1315 1577 1419 1640 babet
1494 1572 1498 1600 ⁴

261 1680 519 1746 misericordiam.
564 1680 699 1764 Propter
732 1679 791 1744 hoo
813 1701 977 1763 nunquam
998 1680 1095 1764 judex
1118 1680 1260 1765 aliquam
1283 1685 1417 1746 senten·

261 1785 396 1850 tentiam
429 1785 528 1849 iratus
562 1783 702 1870 proferre
724 1783 825 1849 debet.
871 1783 1003 1870 Legitur
1027 1785 1061 1850 in
1086 1783 1250 1850 chronicis
1274 1786 1416 1869 impera·

222 1910 248 1950 a
262 1893 377 1968 torum,
402 1888 485 1972 quod
508 1887 584 1953 Otto
606 1889 728 1972 primns
751 1909 822 1953 oum
846 1888 878 1952 in
902 1887 1045 1972 paschali
1067 1889 1269 1954 solemnitate
1292 1889 1415 1974 princi-

261 1993 355 2077 pibus
378 1993 442 2056 suis
464 1993 643 2058 convivium
665 1997 884 2078 preparasset,
907 1998 1077 2076 antequam
1093 1992 1223 2071 eederet,
1247 1993 1413 2076 cujusdam

261 2097 415 2181 principis
437 2096 522 2162 filius
544 2118 632 2162 more
653 2098 768 2181 puerili
792 2099 829 2163 de
849 2119 957 2163 mensa
979 2096 1133 2163 ferculum
1150 2097 1289 2181 accepit,
1315 2119 1410 2182 quem

213 2189 216 2198 ¹
261 2200 384 2285 dapifer
417 2203 518 2268 iratus
551 2202 637 2286 juste
669 2203 851 2287 prostravit.
909 2201 1000 2279 Quod
1042 2223 1174 2267 cernens
1215 2203 1410 2288 paedagogue

261 2306 352 2391 pueri
374 2306 521 2372 turbatus
544 2307 648 2391 ipsum
671 2307 848 2390 dapiferum
870 2326 945 2370 mox
966 2306 1110 2389 peremit.
1156 2304 1256 2381 Quem
1273 2327 1345 2371 cum
1367 2307 1411 2370 ei·
1473 2377 1476 2384 ,

223 2433 248 2472 ao
262 2433 302 2476 ne
325 2411 487 2476 audientia
509 2409 612 2476 Caesar
634 2415 739 2475 motus
762 2411 970 2476 condemnare
992 2409 1097 2487 vellet,
1122 2410 1176 2474 ille
1195 2409 1349 2476 Gaesarem
1371 2410 1409 2474 ad

261 2519 379 2581 terram
403 2516 516 2599 dejecit
538 2519 570 2580 et
592 2515 744 2581 suffocare
766 2516 871 2599 eoepit.
919 2514 981 2591 Qui
1008 2507 1097 2580 dum
1115 2515 1153 2579 de
1174 2515 1322 2580 manibus
1344 2516 1409 2599 ejus

261 2620 314 2684 vix
336 2624 445 2684 erutus
467 2620 595 2698 fuisset,
626 2621 731 2704 ipsum
762 2621 914 2685 reservari
934 2619 1045 2701 jussit,
1077 2640 1109 2682 se
1133 2619 1323 2703 culpabilem
1346 2619 1409 2685 cla·

261 2745 362 2800 mans,
385 2724 469 2807 quod
489 2725 574 2808 justo
596 2724 736 2789 debitum
760 2725 912 2789 honorem
935 2743 998 2789 non
1022 2723 1146 2790 detulit.
1193 2721 1285 2789 Unde
1306 2725 1408 2808 ipsum

260 2829 361 2894 libere
383 2830 471 2894 abire
493 2831 645 2912 permisit.

223 3024 249 3064 aa
515 3003 572 3069 De
595 3004 707 3069 lucio
731 3008 771 3067 et
792 3003 981 3083 trincha,
1006 3003 1079 3069 dial.
1104 3008 1155 3068 44.

350 3145 492 3210 Piscator
514 3145 642 3230 quidam
664 3144 864 3228 piscabatur,
887 3145 972 3210 unde
995 3167 1097 3210 escam
1124 3143 1321 3210 inhumatam
1344 3143 1408 3227 pis·

262 3250 350 3316 cibus
372 3251 569 3328 ostendebat,
593 3250 694 3315 lucius
716 3255 823 3314 autem
847 3254 879 3314 et
900 3250 1029 3315 trineha
1052 3250 1214 3314 intuentes
1236 3269 1339 3313 escam
1360 3247 1408 3330 ip·

261 3376 328 3420 sam
352 3356 525 3439 plurimum
548 3355 781 3439 peroptabant,
813 3354 868 3418 sed
895 3356 996 3421 lucius
1019 3354 1202 3438 ingeniosus
1225 3354 1308 3419 dixit
1330 3353 1408 3417 trin-

261 3457 342 3523 ohae:
367 3480 436 3524 esca
458 3460 525 3524 bac
547 3458 683 3524 delicata
705 3462 737 3522 et
759 3451 888 3541 optima'
904 3463 1048 3543 apparet,
1076 3463 1183 3524 tamen
1206 3461 1304 3541 puto,
1327 3457 1407 3540 quod
1535 3545 1536 3556 ἵ

221 3581 247 3619 ⁸⁰
262 3563 300 3628 ad
324 3563 425 3648 pisces
448 3564 666 3647 decipiendum
689 3563 732 3628 eit
755 3564 874 3646 posita,
907 3563 1009 3648 igitur
1031 3585 1101 3628 earn
1123 3563 1339 3640 dimittamus,
1371 3585 1408 3628 ne

166 3701 168 3706 ·
261 3672 390 3753 propter
412 3668 590 3751 appetitum
614 3667 698 3753 gulae
722 3688 915 3732 corruamus.
962 3667 1102 3734 Trincha
1117 3688 1243 3752 quoque
1258 3667 1323 3732 ait:
1348 3689 1406 3732 non

260 3776 310 3838 est
332 3773 468 3850 bonum,
500 3772 681 3837 morsellum
713 3777 780 3836 tam
802 3773 959 3855 optimum
982 3777 1112 3857 propter
1141 3795 1242 3838 unum
1265 3773 1407 3837 timorem

261 3876 437 3954 dimittere,
468 3877 556 3961 prius
587 3897 646 3961 ego
674 3877 838 3961 temptabo
861 3876 964 3960 ipsum
996 3881 1028 3942 et
1051 3899 1122 3943 oum
1145 3876 1312 3942 dulcedine
1334 3898 1405 3960 epu·

260 3981 358 4059 labor,
382 3987 418 4046 tu
441 4002 514 4045 vero
529 3980 713 4066 praestolare
725 3984 873 4045 eventum
897 3981 953 4047 rei.
998 3981 1083 4046 Dum
1106 3985 1212 4047 autem
1236 4003 1338 4046 escam
1358 3981 1405 4047 de·

221 4103 246 4142 a
261 4085 412 4171 glutiret,
436 4087 536 4150 sensit
557 4085 690 4150 insidias
718 4085 803 4151 hami
832 4087 863 4149 et
885 4086 1034 4169 cupiebat
1055 4085 1174 4163 redire,
1199 4086 1252 4150 sed
1273 4086 1405 4171 piscator

260 4211 329 4255 eam
353 4191 391 4255 ad
415 4212 448 4254 se
471 4191 579 4258 traxit.
626 4189 742 4256 Lucius
766 4193 872 4255 autem
895 4189 1023 4275 fugiens
1045 4190 1168 4274 inquit:
1189 4211 1248 4256 nos
1270 4190 1309 4254 de
1328 4190 1405 4254 malo

260 4294 467 4382 corrigamur,
491 4295 578 4374 socii,
603 4316 643 4360 ne
665 4315 839 4382 pereamus.
885 4293 937 4360 Ita
958 4299 990 4360 et
1012 4315 1069 4360 nos
1094 4295 1249 4382 corrigere
1264 4295 1405 4363 debemus
1535 4319 1536 4324 ¹
