3172 4958
838 325 881 390 '14

286 499 372 564 enim
395 497 484 583 cupit
505 497 576 576 ille,
603 498 655 564 cui
677 497 804 583 quidem
827 497 905 564 satis
928 501 985 565 eat.
1031 495 1112 564 Eece
1142 499 1245 586 igitur
1276 497 1441 585 depaupe-

285 607 370 669 ravit
392 608 424 669 te
447 625 542 670 avara
563 603 727 682 voluutas,
755 604 932 670 exinanivit
953 604 1127 689 cupiditas,
1150 605 1341 690 exspoliarit
1363 604 1441 670 siti-

286 709 392 774 bunda
422 713 602 792 tempestas.
648 708 801 774 Attamen
833 711 861 774 si
892 714 997 776 totum
1026 711 1184 776 invenires
1211 731 1324 776 aurum
1354 709 1442 774 male

286 813 448 880 conditum
471 811 659 893 Salomonis,
683 815 820 898 amplius
842 835 907 879 non
929 814 1071 893 habebis,
1094 815 1148 881 sed
1171 815 1266 881 aliud.
1313 813 1442 890 Quibus

259 919 412 1003 squidem
435 903 514 981 bene
535 917 673 996 utimur,
705 918 772 984 heec
793 919 963 996 habemus,
989 941 1063 983 nam
1085 917 1188 984 fossus
1210 917 1300 982 humi
1324 937 1441 981 census

286 1045 350 1088 non
374 1025 422 1087 est
443 1021 582 1086 hominis
604 1023 657 1088 sed
681 1023 814 1088 telluris.
860 1021 965 1109 Igitur
987 1044 1058 1088 cum
1081 1023 1121 1087 ad
1143 1043 1237 1088 usum
1259 1043 1335 1106 opes
1359 1042 1439 1105 pro·

285 1127 406 1204 ficiunt,
430 1130 507 1190 tunc
528 1126 696 1205 habentur,
720 1149 794 1192 usus
817 1131 922 1192 autem
945 1149 1043 1211 usque
1063 1127 1214 1192 adfinem
1237 1124 1443 1190 sufficientiae

285 1229 499 1296 extendendus
524 1235 590 1309 est,
623 1232 788 1315 quoniam,
822 1233 849 1296 si
872 1232 958 1296 ultra
981 1253 1075 1315 quam
1099 1232 1176 1296 satis
1206 1235 1254 1296 est
1284 1229 1440 1307 comedes,

286 1339 401 1401 natura
427 1355 496 1400 mox
510 1339 642 1413 evomet,
667 1339 699 1400 et
714 1336 741 1400 si
756 1337 828 1420 plus
844 1357 939 1420 quam
954 1337 1089 1419 requirit
1101 1335 1272 1400 necessitas
1285 1334 1441 1412 indueris,

247 1441 437 1525 ingravatus
460 1439 586 1524 quidem
605 1441 760 1506 sustinere
776 1463 840 1506 non
855 1441 986 1524 poteris.
1031 1439 1083 1506 Sic
1097 1445 1130 1505 et
1145 1461 1209 1504 uno
1225 1443 1330 1506 stratu
1346 1439 1441 1504 dum·

286 1548 378 1610 taxat
399 1542 534 1628 quiescis
561 1550 594 1609 et
615 1544 733 1628 ubique
756 1551 787 1610 te
809 1546 897 1610 locus
918 1546 1032 1610 similis
1055 1545 1283 1611 circumcludit.
1329 1543 1440 1628 Igitur

287 1648 398 1713 multis
418 1647 586 1714 cumulatis
603 1649 732 1729 divitiis,
756 1650 939 1716 nullatenus
951 1650 1034 1733 plus,
1052 1671 1145 1732 quam
1162 1650 1270 1726 habes,
1293 1648 1440 1725 habebis,

285 1754 341 1818 aad
363 1753 443 1818 bene
465 1753 560 1818 aliud.
606 1751 664 1818 Uti
685 1755 840 1838 siquidem
860 1755 1014 1838 phasiano
1037 1755 1072 1818 in
1088 1753 1252 1838 pabulum,
1275 1753 1440 1818 11110111-

287 1859 396 1924 nativo
418 1857 452 1921 in
474 1860 604 1942 petram,
637 1856 723 1922 bisso
753 1859 791 1922 in·
818 1859 970 1942 pallium,
1005 1859 1071 1923 alto
1095 1859 1216 1943 palatio
1238 1859 1271 1923 in
1295 1859 1439 1936 domum,

248 1984 274 2023 11
288 1963 333 2028 sic
355 1960 521 2026 altioribus
543 1959 658 2025 frueris
681 1961 819 2041 deliciis,
854 1985 919 2028 uon
953 1963 1084 2028 divitiis.
1129 1961 1317 2039 Nescivisti,
1351 1961 1442 2044 quod

288 2066 363 2130 filiis
385 2063 507 2129 Israhel
530 2063 564 2127 in
587 2065 711 2130 deserte
733 2087 771 2130 ex
794 2089 912 2132 manna
927 2067 1107 2132 viventibus
1123 2066 1249 2150 magnis
1272 2069 1304 2130 et
1319 2065 1440 2150 parvis,

287 2167 440 2234 divitibus
463 2172 497 2232 et
518 2169 711 2252 pauperibus
733 2169 905 2254 eademque
928 2171 1050 2235 cunctis
1074 2169 1211 2235 scelestis
1233 2169 1331 2234 edulii
1347 2191 1440 2234 men·

288 2296 363 2340 sura
384 2272 542 2338 dabatur?
572 2271 640 2338 Nec
671 2275 836 2340 collectum
868 2275 994 2359 quidem
1024 2277 1096 2360 plus
1120 2274 1302 2340 inveniebat
1324 2295 1441 2339 avarus

286 2400 345 2444 uec
367 2377 472 2442 minus
503 2379 559 2460 qui
589 2377 696 2444 fuerat
718 2379 899 2464 pigritatus.
944 2379 1106 2444 Nimirum
1129 2379 1279 2465 quoniam
1302 2401 1367 2444 una
1389 2383 1442 2443 est

248 2505 275 2544 1ο
288 2482 479 2548 sufficientia
493 2482 651 2560 omnibus,
676 2489 709 2547 et
731 2484 919 2550 universalis
942 2485 1086 2570 provisor
1108 2487 1240 2550 eandem
1254 2484 1440 2550 hominibus

288 2587 482 2653 necessitatis
512 2587 709 2670 opulentiam
738 2593 787 2654 est
818 2591 965 2674 largitus.
1018 2589 1092 2654 Non
1124 2591 1209 2656 enim
1238 2589 1310 2673 plus
1340 2589 1441 2655 habet

287 2693 374 2758 dirce
397 2713 493 2776 quam
515 2713 644 2775 pauper,
668 2693 722 2758 sed
744 2697 871 2760 1111111111
895 2695 1105 2778 inqualitate
1127 2695 1254 2779 quidem
1270 2693 1440 2760 titulorum

286 2801 334 2861 est
357 2795 536 2861 differentia
557 2799 732 2882 utriusque.
771 2799 867 2865 Dives
889 2821 1026 2884 namque
1049 2800 1181 2878 dieitur,
1212 2799 1267 2882 qui
1289 2799 1440 2864 deliciosa

287 2900 416 2965 utilium
437 2899 556 2964 fruitur
579 2903 742 2984 qualitate.
778 2903 899 2970 Verum
920 2905 987 2969 haec
1009 2905 1157 2970 deliciosa
1179 2926 1295 2982 rerum,
1320 2903 1453 2987 quibus

248 3005 423 3082 aurimur,
454 3003 592 3088 qualitas
623 3008 726 3093 magis
756 3009 823 3074 fore
855 3009 1019 3075 calamitas
1047 3010 1218 3075 iuvenitur.
1264 3007 1324 3072 Fst
1351 3007 1439 3072 enim
1476 3031 1479 3035 ·

287 3109 447 3174 irritativa
469 3108 609 3188 invidiae,
643 3114 846 3194 provocativa
868 3114 1041 3198 superbiae,
1076 3112 1262 3178 suscitatira
1291 3112 1437 3191 lunariae,

287 3213 406 3277 motiva
435 3213 577 3278 avaritiae
605 3218 638 3280 et
667 3217 770 3280 omnis
800 3217 952 3302 nequitiae
984 3217 1153 3302 gignitiva.
1210 3213 1286 3279 Non
1318 3215 1437 3280 111ᾶί111

286 3318 373 3396 olim,
396 3317 472 3400 quid
496 3316 656 3401 Apollinis
667 3320 787 3384 idolum
809 3323 929 3406 pastori
953 3343 1008 3405 per
1024 3321 1168 3386 achatem
1191 3319 1328 3403 lapidem
1344 3319 1436 3404 regni

285 3421 394 3506 Lydiae
416 3421 501 3487 facto
524 3422 593 3508 regi
615 3423 807 3502 sciscitanti,
840 3427 868 3491 si
897 3427 968 3510 quis
991 3426 1026 3489 in
1048 3425 1166 3490 mundo
1188 3427 1366 3507 superesset
1388 3422 1438 3487 fe-

247 3547 273 3586 ro
286 3526 394 3605 licior,
427 3526 590 3591 deliciosas
614 3529 782 3594 confutans
805 3529 932 3595 divitias
955 3529 1144 3614 respondit?
1176 3527 1252 3592 Mox
1275 3527 1362 3591 enim
1384 3548 1439 3591 su-

285 3631 443 3715 perbienti
473 3629 557 3716 Gygi
586 3629 775 3716 Zophidium
805 3632 982 3700 Aehadium
1012 3655 1117 3700 senem
1150 3653 1320 3718 pauperem
1350 3651 1435 3714 prae-

286 3733 381 3814 tulit,
422 3735 477 3818 qui
514 3755 677 3820 nunquam
708 3737 847 3802 exiverat
877 3737 1029 3802 terminos
1073 3737 1144 3822 agri
1180 3735 1246 3818 soi,
1286 3739 1318 3800 et
1346 3735 1438 3814 dixit,

286 3840 358 3924 plue
377 3839 499 3904 laudari
522 3844 554 3905 et
577 3842 705 3925 probari
727 3842 896 3908 securitate
918 3843 1025 3906 ridens
1047 3840 1211 3926 tugurium
1236 3861 1331 3924 quam
1353 3837 1439 3904 curis

286 3949 318 4008 et
341 3943 607 4010 sollicitudinibus
629 3946 754 4011 tristem
765 3946 879 4025 aulam,
904 3967 1083 4030 paucasque
1106 3945 1215 4030 glebas
1237 3945 1363 4029 pavoris
1380 3965 1437 4008 ex-

247 4052 391 4133 rspertes
414 4070 509 4132 quam
532 4071 607 4114 arva
628 4050 737 4136 Lydiae
759 4050 915 4115 latissima
938 4057 1024 4116 metu
1048 4049 1174 4126 referta,
1201 4070 1362 4132 unumque
1380 4053 1438 4114 aut

286 4155 421 4219 alterum
454 4156 562 4219 tutelae
583 4155 677 4220 facile
695 4157 809 4240 jugum
836 4155 931 4220 boum
959 4177 1053 4238 quam
1080 4155 1258 4237 equitatum
1285 4154 1440 4237 impensis

288 4279 475 4338 onerosum,
505 4259 551 4325 eie
572 4263 604 4324 et
625 4259 777 4324 horreum
798 4281 873 4324 usus
895 4259 1065 4351 necessarii
1086 4258 1190 4345 magis
1213 4258 1439 4344 appetendum,

288 4384 384 4447 quam
416 4364 579 4428 thesauros
611 4365 770 4449 expositos
805 4363 929 4430 insidiis
964 4369 997 4428 et
1025 4363 1254 4448 cupiditatibus
1285 4361 1438 4430 omnium.
