3146 4962
686 297 751 360 209

135 467 336 534 attendentes
368 467 448 532 vitia
476 468 607 552 propria
636 467 740 533 aliena
771 467 959 553 redarguere
990 468 1132 553 cupiunt.
1186 468 1229 534 Et
1256 474 1293 535 ut

136 573 216 640 dicit
238 573 437 640 Bernardus:
466 572 562 637 multi
592 573 694 638 multa
723 573 850 650 sciunt,
883 573 1003 637 alienos
1030 572 1223 656 inspiciunt,
1255 597 1288 640 se

19 733 28 740 .
136 677 221 762 ipsos
252 677 409 744 deserunt.
457 675 588 742 Talibus
619 677 761 761 loquitur
791 676 930 742 salvator
952 676 1027 742 Luc.
1052 677 1136 756 VI⁰,
1169 679 1288 744 Matth.

134 780 233 848 v11⁰:
255 781 331 867 quid
354 787 391 848 tu
414 781 500 847 vides
523 781 676 847 festucam
698 783 731 846 in
756 780 846 846 oculo
868 782 977 847 fratris
1001 783 1060 860 tui,
1084 785 1208 850 trahem
1231 806 1287 850 au-

104 893 215 966 etem,
246 909 316 972 quas
344 887 380 951 in
402 887 493 952 oculo
515 891 572 952 tuo
601 891 668 966 est,
698 909 762 952 non
793 887 996 953 consideras?
1034 888 1098 953 Ant
1131 891 1287 973 quomodo

134 999 225 1079 potes
247 993 349 1058 dicere
370 992 465 1058 fratri
488 995 559 1057 tuo:
582 990 692 1070 frater,
716 993 794 1073 sine,
819 993 944 1075 ejiciam
966 992 1121 1059 festucam
1144 995 1184 1059 de
1196 996 1287 1060 oculo

133 1103 201 1178 tuo,
223 1099 345 1164 trabem
369 1098 505 1164 inoculo
527 1102 584 1164 tuo
606 1120 670 1163 nou
686 1099 819 1164 videns?
842 1098 1028 1184 Hypocrita,
1048 1099 1126 1182 ejice
1149 1100 1288 1184 primum

133 1205 258 1270 trabem
279 1204 318 1268 de
339 1203 431 1269 oculo
452 1207 508 1269 tuo
540 1208 572 1268 et
592 1207 679 1269 'tunc
702 1205 889 1289 prospicies,
923 1208 961 1268 ut
989 1206 1101 1270 macas
1132 1205 1287 1271 festucam

134 1307 172 1374 de
202 1308 292 1373 oculo
319 1306 430 1372 fratris
459 1308 516 1372 tui.
562 1306 696 1392 Legitur
727 1309 762 1372 in
787 1308 872 1374 Vitis
906 1313 1052 1394 patrum,
1086 1309 1169 1394 quod
1202 1309 1287 1376 facto

88 1443 117 1481 ιο
132 1417 291 1479 conventu
321 1413 355 1478 in
377 1412 483 1479 Sichia
513 1415 704 1498 loquebatur
733 1413 834 1479 frater
864 1415 902 1478 de
933 1415 1072 1498 quodam
1095 1414 1193 1479 fratre
1218 1415 1283 1480 cul-

132 1518 243 1602 pabili.
287 1516 334 1583 Ut
355 1518 561 1597 detrahebat,
584 1519 682 1584 abbas
704 1523 812 1584 autem
834 1519 941 1584 senior
966 1519 1100 1584 tacebat.
1146 1517 1189 1584 Et
1215 1541 1287 1586 cum

132 1627 275 1708 portaret
303 1645 428 1690 saccum
458 1630 544 1689 retro
574 1645 607 1692 se
629 1624 759 1710 plenum
789 1647 886 1690 arena
915 1630 947 1690 et
980 1625 1018 1690 de
1048 1625 1157 1690 eadem
1189 1648 1286 1692 arena

125 1730 290 1795 modicum
313 1735 389 1794 aute
411 1751 443 1795 se
465 1735 609 1815 poneret,
633 1730 864 1816 iuterrogatus,
888 1730 964 1815 quid
987 1730 1048 1795 hoc
1070 1735 1170 1810 esset,
1194 1733 1285 1813 dixit,

133 1834 268 1900 multam
291 1857 419 1901 arenam
443 1856 510 1902 esse
532 1839 661 1920 peccata
682 1858 748 1915 sna,
773 1836 888 1918 quihus
904 1836 1118 1920 retropositis
1143 1859 1206 1902 non
1230 1860 1284 1904 cu·

90 1961 119 2001 1⁶
132 1939 225 2005 rabat
246 1940 285 2006 de
306 1940 402 2025 ipsis,
432 1941 589 2006 modicam
618 1943 725 2006 autem
757 1961 885 2005 arenam
918 1948 992 2006 ante
1014 1939 1127 2006 facicm
1148 1943 1283 2026 positam

134 2043 215 2109 dixit
237 2066 303 2110 esse
331 2050 459 2130 moesta
490 2045 617 2125 fratris,
649 2067 740 2130 quern
774 2045 952 2130 judicabat,
984 2051 1016 2111 et
1046 2046 1189 2111 addidit:
1220 2069 1283 2112 uon

133 2153 259 2233 oportet
281 2151 327 2216 ita
348 2151 427 2229 fieri,
450 2150 576 2230 fratres,
600 2150 654 2216 sed
677 2155 808 2235 peccata
829 2173 899 2215 mea
922 2155 996 2215 ante
1019 2173 1069 2216 me
1086 2173 1154 2216 esse
1169 2153 1286 2218 debent

133 2275 170 2319 ac
193 2253 329 2340 deipsis
353 2256 502 2342 cogitare.
554 2253 729 2324 Audieutcs
762 2255 845 2320 enim
878 2259 985 2339 putres
1014 2254 1180 2322 dixerunt:
1213 2279 1286 2323 vere

133 2357 201 2424 haec
223 2364 273 2426 est
294 2359 346 2440 via
367 2361 489 2426 salutis.

94 2535 187 2601 ere
208 2535 430 2620 philomela
452 2540 491 2601 ct
513 2556 641 2600 corvo
664 2536 969 2602 iutercaeteras
985 2557 1101 2612 aves,
1127 2533 1199 2601 dial.
1230 2538 1281 2600 66.

217 2675 360 2753 Quodam
391 2675 472 2742 festo
499 2696 616 2761 magno
648 2676 756 2760 aquila
790 2697 861 2742 cum
893 2676 1005 2742 avibus
1037 2674 1216 2759 prandebat
1251 2679 1283 2740 ct

130 2786 261 2867 propter
282 2780 452 2866 prandium
475 2781 584 2865 aquila
604 2781 644 2845 ad
666 2803 699 2846 se
728 2780 906 2847 clamitavit
927 2780 1134 2865 philomelam
1157 2780 1281 2845 dicens:

131 2886 218 2964 vade,
240 2886 317 2964 filia,
341 2885 455 2973 frange
476 2907 585 2952 vocem
605 2891 637 2952 et
660 2891 762 2966 cauta,
784 2892 821 2952 ut
843 2887 936 2952 docta
958 2909 1008 2964 es,
1032 2889 1070 2950 ut
1091 2885 1165 2950 inde
1188 2887 1282 2951 corda

131 2996 241 3058 nostra
262 2991 474 3058 consolentur.
520 2990 697 3057 Philomela
725 2993 875 3058 obediens
912 3013 1024 3058 cauere
1046 2981 1210 3056 inchoavit
1232 2993 1278 3056 ita

89 3119 116 3156 aa
130 3095 270 3181 placide,
299 3097 383 3181 quod
405 3117 514 3162 omnes
537 3095 677 3162 volucres
704 3118 777 3161 cum
798 3097 912 3162 laetitia
933 3096 1023 3162 avide
1045 3095 1278 3162 auscultabant.

130 3199 255 3266 Interea
277 3222 388 3268 corvus
411 3201 484 3266 inde
506 3201 665 3266 transiens
687 3206 720 3267 et
742 3200 802 3266 hoc
823 3201 1026 3266 considerans
1049 3201 1095 3265 ait
1110 3201 1196 3266 iutra
1227 3225 1278 3268 se:

129 3306 201 3372 volo
223 3311 255 3371 et
278 3327 337 3392 ego
359 3327 432 3373 curn
454 3305 627 3390 philomela
649 3311 797 3385 cantare,
821 3327 928 3372 vocem
952 3327 1101 3391 maguam
1122 3304 1224 3370 habeo
1248 3312 1280 3371 et

130 3410 256 3476 auditus
279 3432 333 3476 ero
355 3410 505 3496 alonge!
537 3409 578 3475 let
610 3411 707 3497 coepit
734 3411 872 3495 turpiter
903 3410 1073 3489 crocitare,
1109 3409 1283 3494 philomela

130 3519 235 3580 autem
257 3515 419 3581 obmutuit
441 3536 504 3581 non
528 3517 635 3581 valens
662 3519 729 3582 tam
751 3516 889 3600 turpiter
910 3514 1019 3580 audire
1041 3518 1170 3580 cantare
1196 3501 1281 3581 eum.

91 3644 117 3684 ar
131 3619 215 3686 Aves
248 3619 374 3705 quidem
407 3641 515 3686 omnes
545 3621 740 3705 perturbatas
774 3642 902 3686 corvum
939 3620 1031 3685 illum
1053 3618 1279 3703 abhorrebant,

128 3729 259 3812 propter
287 3725 371 3810 quod
399 3724 518 3791 festum
540 3749 633 3791 suum
655 3727 867 3812 vituperabat.
912 3726 1034 3792 Idcirco
1058 3725 1165 3810 aquila
1187 3749 1278 3792 mau-

129 3831 216 3898 davit
238 3831 283 3910 ci,
307 3835 344 3896 ut
365 3829 523 3896 recederet
545 3831 596 3896 vel
620 3835 747 3897 taceret.
793 3830 867 3917 Ipse
888 3853 962 3896 vero
984 3830 1166 3916 respondit,
1195 3831 1278 3915 quod

128 3935 255 4003 volebat
275 3939 308 4002 et
330 3936 397 4020 ipse
420 3956 491 4001 cum
513 3935 625 4001 avibus
647 3936 795 4002 festivare
817 3957 875 4001 nec
897 3939 1029 4020 propter
1051 3935 1152 4020 ipsam
1173 3936 1297 4002 intens

127 4041 222 4109 debat
243 4063 276 4108 se
298 4063 458 4108 removere
480 4041 518 4108 dc
540 4043 618 4106 loco.
664 4040 785 4126 Aquila
807 4042 837 4106 ei
859 4040 1074 4122 remandavit,
1106 4041 1188 4125 quod
1213 4043 1277 4107 dis-

90 4147 261 4226 recederet,
284 4146 520 4233 propterquod
545 4145 683 4211 libenter
705 4166 769 4210 non
792 4144 988 4211 audiebatur.
1035 4145 1153 4211 Corvus
1173 4153 1279 4214 autem

127 4253 267 4337 aquilam
290 4252 400 4318 audire
422 4252 533 4318 nolens
547 4250 650 4338 magis
667 4251 791 4337 garrire
805 4251 911 4335 coepit.
957 4248 1155 4336 Quapropter
1171 4254 1279 4339 aquila

130 4357 235 4442 ipsum
256 4359 357 4424 occidi
380 4357 542 4424 mandavit
566 4357 688 4422 dicens:
711 4355 846 4422 stultum
868 4359 927 4436 est,
950 4375 1018 4424 esse
1038 4360 1190 4440 cantores,
1215 4361 1278 4426 nisi

179 4478 343 4522 scorsum:
424 4479 433 4493 ·
1028 4465 1068 4527 14
