3172 4958
861 341 905 405 62

310 513 416 580 earnis
437 513 508 578 luca
540 535 710 598 pomposus
740 514 950 579 admiratione
981 537 1061 598 pavo
1091 537 1195 582 eoram
1227 537 1320 582 corvo
1349 535 1465 580 vanarn

310 639 344 682 se
365 618 519 683 fundebat
541 619 575 682 in
598 619 735 705 gloriam
766 623 798 683 ct
828 619 920 683 illum
944 619 982 683 de
1003 642 1116 704 peunae
1138 620 1306 708 nigredine
1329 618 1464 684 confun-

311 722 413 787 debat.
460 722 555 807 Cujus
583 745 655 788 mox
686 745 796 789 corvus
829 723 973 788 deridens
1003 725 1195 790 dementiam
1225 726 1350 810 inquit:
1385 724 1466 788 bene

311 829 410 906 video,
433 829 517 912 quod
532 829 566 892 in
583 832 615 892 te
629 828 740 914 regula
756 828 983 913 physiouomiae
997 851 1059 893 non
1076 829 1171 895 fallit.
1218 830 1366 914 Namque
1389 852 1464 913 par·

283 949 385 997 ovum
408 955 446 996 ex
469 937 560 996 tanto
583 953 712 1016 corpore
737 932 857 997 habens
888 938 985 1016 caput
1015 934 1149 999 minoris
1176 955 1209 999 es
1241 957 1370 1011 sensus,
1403 956 1466 1018 quo

312 1037 437 1122 quidem
462 1037 567 1102 minus
589 1039 696 1117 miror,
720 1039 747 1101 si
767 1039 800 1101 in
824 1059 929 1120 penna
951 1039 1085 1117 volatili,
1110 1061 1180 1123 quae
1196 1043 1321 1103 avanto
1337 1040 1466 1123 rapitur

312 1145 345 1206 et
367 1142 521 1220 differtur,
546 1147 634 1207 tuam
658 1142 734 1210 levis
756 1141 869 1207 leviter
892 1143 1028 1226 gloriam
1051 1143 1195 1226 posuisti.
1242 1143 1355 1208 Omnis
1378 1143 1467 1208 enim

311 1238 384 1313 caro
400 1247 521 1312 foenum
543 1253 577 1312 et
599 1249 702 1312 omnis
726 1248 828 1329 gloria
850 1248 916 1331 ejus
940 1249 1031 1331 quasi
1053 1249 1110 1312 llos
1127 1249 1206 1334 agri.
1253 1248 1356 1312 Decor
1372 1271 1466 1313 nam-

311 1373 372 1436 que
385 1352 472 1417 floris
483 1353 685 1436 pulchritudo
700 1359 748 1416 est
771 1353 884 1431 carnia,
907 1351 1107 1418 formositate
1131 1354 1248 1438 quippe
1271 1358 1395 1418 naturae
1412 1377 1466 1418 ru·

270 1475 296 1513 10
311 1457 394 1535 tilat‚
417 1458 594 1522 subtilitate
610 1480 674 1521 non
690 1460 835 1523 duratae
852 1458 980 1522 levitate
996 1459 1183 1541 quantocius
1196 1458 1308 1522 evolat.
1343 1461 1467 1522 Amans

311 1583 386 1646 ergo
412 1562 560 1648 gloriaris
589 1563 622 1625 in
646 1563 768 1640 umbra,
790 1563 842 1626 sed
861 1563 942 1627 sicut
965 1585 1077 1627 aureus
1097 1563 1232 1627 circulus
1254 1563 1289 1626 in
1308 1559 1468 1628 auribus¹

310 1667 443 1732 sordidae
452 1669 529 1746 suia,
546 1668 590 1732 sie
606 1669 709 1732 earnis
728 1667 874 1731 luciditas
891 1689 961 1730 cum
978 1667 1108 1752 ignavia
1124 1667 1250 1732 mentia.
1283 1667 1335 1732 Ad
1348 1690 1467 1734 eoncu-

309 1772 493 1857 piscendum
524 1776 555 1836 te
588 1793 698 1855 nempe
730 1771 948 1835 delectationis
978 1793 1102 1856 magnae
1131 1772 1355 1855 perforamen
1379 1772 1468 1838 oculi

310 1878 359 1942 tui
380 1876 481 1941 trahit
504 1877 634 1942 affectus
656 1881 689 1939 et
710 1879 888 1962 captivum,
913 1897 1006 1960 quem
1029 1876 1131 1954 ducit,
1162 1877 1306 1942 fatuitati
1329 1877 1467 1942 volubili

272 1987 378 2052 ratam
400 1983 464 2047 cito
487 1980 573 2046 dedit
595 1985 745 2045 amatum.
790 1979 908 2044 Nonne
936 1985 1065 2064 propter
1094 1981 1229 2064 speciem
1256 1983 1347 2046 avide
1376 2005 1467 2067 quae-

312 2087 392 2152 reris
415 2093 447 2150 et
469 2086 510 2151 ob
534 2107 646 2170 pennae
668 2084 937 2167 pulchritudinem
968 2085 1174 2150 decaudaris?
1208 2087 1326 2150 Verum
1357 2089 1385 2151 si
1417 2089 1468 2152 tui

313 2215 352 2256 ex
374 2195 541 2256 venustate
563 2192 703 2274 corporis
727 2190 893 2274 gloriaris,
914 2191 979 2274 jam
1002 2195 1035 2256 te
1058 2191 1185 2275 quidem
1209 2192 1392 2276 denigravit
1414 2192 1467 2256 lu-

313 2299 424 2363 ciditas
446 2300 478 2361 et
499 2300 531 2360 te
553 2302 609 2360 tua
632 2296 750 2380 species
773 2295 970 2360 deformavit.
1016 2295 1088 2361 Jam
1109 2295 1211 2361 forma
1227 2296 1331 2360 carnis
1347 2296 1467 2362 mentis

311 2402 582 2488 pulchritudinem
604 2400 738 2464 abstulit
761 2405 793 2464 et
813 2400 921 2464 lumen
945 2401 1085 2483 corporis
1113 2399 1313 2484 splendorem
1348 2401 1468 2466 animm

272 2535 298 2574 ao
312 2507 504 2593 profugavit.
552 2503 635 2582 Quid
658 2525 733 2588 ergo
766 2505 912 2587 superbia
942 2504 1075 2583 lindius,
1106 2526 1169 2587 qua
1199 2505 1326 2588 quidem
1357 2506 1466 2570 omnis

312 2614 403 2678 decor
425 2610 601 2694 prudentiae
624 2609 663 2673 ab
686 2610 792 2674 anima
814 2610 955 2687 tollitur,
989 2611 1092 2674 omnis
1116 2609 1223 2696 fulgor
1245 2611 1375 2675 virtutis
1399 2610 1467 2675 fus·

310 2721 419 2795 catur,
449 2715 554 2778 omnis
585 2715 663 2778 ordo
685 2715 759 2778 vitae
782 2715 995 2797 pervertitur?
1026 2714 1071 2779 Te
1092 2715 1270 2794 laudarem,
1300 2715 1329 2778 si
1352 2714 1465 2780 diffor-

310 2821 456 2884 mitatem
489 2820 522 2883 in
554 2823 618 2882 tuae
640 2819 820 2882 substantia
843 2819 952 2882 formae
974 2841 1038 2884 non
1061 2821 1209 2888 viderem.
1259 2817 1342 2884 Nam
1367 2825 1467 2904 eaput

309 2926 406 2991 habes
416 2925 643 3008 serpentinum,
665 2924 1096 3007 souumpectoriaulularum
1113 2947 1166 2989 eor
1180 2924 1381 3001 malevolum,
1405 2947 1465 3008 pe·

270 3055 296 3094 ae
310 3033 382 3097 dem
405 3030 533 3094 foedum.
578 3027 751 3112 Nunquam
776 3029 861 3092 enim
883 3030 988 3094 carnia
999 3051 1081 3094 vana
1094 3030 1251 3094 laudanda
1267 3033 1316 3094 ast
1331 3030 1464 3113 species,

310 3143 342 3202 et
381 3157 453 3201 cum
481 3134 701 3199 substantialis
732 3133 966 3212 deeat‘forma‚
999 3155 1088 3199 mens
1120 3135 1158 3198 fit
1194 3135 1264 3218 ipsa
1295 3135 1464 3200 difformis.

308 3242 422 3308 Absit:
446 3261 559 3322 nempe
583 3238 687 3322 turpis
711 3239 825 3302 animae
849 3244 969 3321 quanto
992 3261 1065 3305 caro
1087 3240 1261 3324 pulchrior,
1287 3244 1379 3304 tanto
1403 3241 1465 3305 fm-

309 3348 387 3412 dior.
433 3345 533 3410 Simia
554 3343 657 3420 enim,
690 3343 764 3407 dum
789 3349 938 3420 ornatur,
970 3345 1008 3408 fit
1041 3346 1165 3429 turpior
1197 3349 1229 3409 et
1256 3367 1337 3410 anus
1361 3345 1466 3429 ipsius

309 3453 494 3517 difformior.
540 3448 591 3513 Sic
618 3469 694 3532 ergo
726 3469 795 3511 cum
828 3448 1050 3513 substantialis
1085 3449 1242 3514 difformis
1274 3453 1322 3514 est
1345 3449 1464 3528 forma,

270 3577 296 3618 ao
309 3558 411 3622 omnia
433 3555 616 3621 formositas
637 3557 685 3616 cst
706 3552 798 3616 feda.
846 3551 906 3616 Sed
929 3559 961 3616 ct
983 3576 1041 3618 sua
1062 3575 1188 3640 gemma
1211 3555 1380 3619 draconem
1404 3579 1463 3620 ne-

307 3667 376 3741 cat,
410 3662 552 3743 viperam
586 3658 711 3742 pictura
742 3659 904 3742 vituperat
937 3663 969 3721 ct
1004 3659 1124 3724 fulmen
1159 3659 1346 3724 horribilem
1383 3659 1465 3725 facit

306 3737 476 3832 flammari.
523 3761 608 3828 Vera
636 3762 737 3847 igitur
770 3762 888 3845 species
917 3762 1025 3827 virtus
1058 3764 1175 3828 mentis
1210 3769 1243 3828 et
1277 3763 1467 3830 formositas

307 3871 446 3957 gloriosa
468 3868 596 3933 claritas
618 3868 762 3932 rationis
810 3869 932 3945 Quibus
962 3869 1054 3935 dietis
1086 3891 1124 3934 ex
1156 3891 1213 3934 sua
1246 3869 1351 3953 specie
1384 3892 1465 3936 eon·

307 3975 449 4042 futatum
470 3993 623 4058 pavonem
647 3972 767 4036 dimisit
789 3972 923 4040 tristem.

347 4186 511 4251 Contra
532 4207 608 4264 eos,
634 4185 704 4270 qui
726 4185 980 4270 gloriantur
1003 4185 1048 4250 de
1069 4185 1185 4250 vocis
1208 4185 1434 4252 claritate.

873 4305 891 4346 a
1004 4325 1007 4332 ,

382 4411 395 4464 l
415 4411 525 4465 Andere
544 4427 622 4480 ausg.
641 4409 733 4464 lesen:
751 4409 875 4463 naribus.
