3058 4946
647 356 688 418 99

99 525 262 610 multisque
283 527 356 591 aliis
371 527 479 611 regnis
495 548 561 590 uon
577 549 643 592 esse
658 531 784 592 tantum
801 533 858 592 aut
875 529 1004 593 virtutis
1019 531 1076 593 aut
1091 529 1243 595 doctrinm

99 635 128 694 et
147 631 362 710 auctoritatis,
392 635 549 714 quantum
573 636 620 696 est
643 633 676 696 in
700 633 815 718 exiguo
838 637 950 698 senatu
973 634 1109 719 triginta
1131 637 1181 700 vel
1203 635 1243 701 ad

99 757 247 800 summum
270 735 487 822 quadraginta
508 743 757 822 purpuratorum
780 741 933 824 patrum?
982 731 1044 804 Pro
1073 741 1241 827 impuden-

100 841 169 906 tiam
190 841 380 919 inauditum,
404 849 436 907 et
459 865 478 907 o
500 848 533 907 te
556 844 701 908 miseram
726 843 940 922 Germaniam,
966 866 1036 928 quae
1057 846 1136 910 tales
1159 851 1241 912 tam-

99 967 153 1029 que
172 947 339 1029 poetiferos
363 948 447 1012 fetus
470 949 593 1033 gremio
614 953 671 1012 tuo
695 949 781 1014 foves
805 971 840 1014 ac
864 949 995 1028 educas,
1031 951 1095 1033 qui.
1115 957 1243 1016 tucrum

98 1049 227 1114 huetium
250 1053 429 1117 utilitatem
454 1054 561 1137 potius
585 1077 680 1138 quam
702 1059 789 1118 tuam
815 1059 962 1139 spectant
984 1055 1118 1122 salutem
1141 1060 1173 1120 et
1191 1057 1242 1121 in-

98 1155 315 1221 columitatem.
371 1157 535 1241 Ejusmodi
568 1159 796 1222 sententiarum
830 1162 863 1223 et
897 1159 1062 1223 verberum
1096 1165 1245 1244 portenta

98 1261 271 1326 scribuntur
294 1267 329 1326 et
352 1263 604 1347 pronuntiantur
626 1263 660 1326 in
676 1263 800 1341 vestris,
824 1263 991 1327 clarissimi
1014 1263 1086 1340 viri,
1110 1263 1244 1328 dicioni·

99 1365 157 1430 hus.
200 1368 284 1444 Quid
317 1367 356 1434 de
388 1368 478 1433 vehis
505 1369 661 1452 judicabit
696 1373 791 1452 atque
820 1368 935 1432 sentiet
966 1369 1135 1452 posteritas
1166 1367 1244 1452 ipsa,

99 1475 210 1536 tantam
243 1473 413 1538 audaciam
450 1474 477 1536 si
512 1495 575 1538 non
610 1473 820 1538 coercebitis?
874 1471 996 1558 Negari
1029 1495 1094 1537 non
1129 1477 1245 1556 potest,

100 1583 254 1642 terantur
276 1578 311 1642 in
338 1579 487 1644 manibus
511 1579 653 1643 omnium
676 1578 761 1655 libri,
785 1578 839 1661 qui
862 1577 925 1641 ista
942 1579 1119 1657 continent,
1144 1599 1245 1661 neque

99 1681 201 1746 haunt
223 1706 262 1748 ex
287 1683 391 1762 robis,
416 1685 471 1767 qui
495 1685 561 1747 suis
583 1685 616 1747 in
641 1682 939 1767 disceptationibus,
962 1688 999 1747 ut
1020 1705 1103 1770 aegre
1125 1683 1246 1748 faciant

100 1787 296 1866 adversariis,
321 1789 379 1853 illa
402 1789 537 1853 mirifice
559 1793 824 1866 commemorant,
854 1793 1003 1871 repetunt
1025 1792 1059 1853 et
1079 1792 1244 1867 exornent,

99 1894 178 1974 qnasi
202 1894 282 1957 talia
306 1894 392 1972 sint,
425 1915 496 1978 quae
525 1917 680 1959 summam
711 1897 826 1958 nostrie
848 1893 960 1958 salutis
984 1895 1245 1979 complectantur.

99 1996 144 2059 An
165 1998 287 2080 putatis
312 1999 487 2082 majoribus
511 1999 632 2076 vestris,
656 1999 712 2082 qui
734 1997 861 2062 fortiter
884 2020 966 2083 saepe
988 2000 1176 2064 restiterunt
1191 2021 1244 2062 su-

100 2103 207 2184 perbiae
229 2103 440 2188 pontificum,
470 2110 503 2168 et
524 2105 747 2188 imperatores,
769 2109 807 2167 ut
829 2104 912 2167 idem
928 2090 1095 2182 temnant,
1127 2103 1247 2168 hortati

98 2213 174 2284 mur,
196 2208 281 2272 sicut
304 2209 468 2274 memoriae
491 2210 648 2293 proditum
672 2214 728 2285 eet,
752 2230 893 2291 unquam
909 2208 941 2272 in
958 2213 1097 2273 mentem
1113 2208 1245 2286 recisse,

99 2313 132 2372 nt
159 2312 363 2395 cogitarent,
397 2312 542 2378 futurum
571 2314 742 2397 aliquando
766 2317 891 2398 tempus
914 2313 991 2378 adeo
1014 2311 1247 2378 tenebricosum

99 2417 127 2478 et
148 2413 277 2494 infelix,
317 2421 355 2481 ut
384 2418 537 2502 ejusmodi
560 2439 650 2482 voees
673 2417 895 2482 emitterentur
918 2423 974 2482 aut
1000 2440 1019 2481 a
1041 2415 1176 2500 posteris
1198 2437 1248 2479 re·

99 2518 295 2601 cipereutur?

177 2623 296 2710 Siqua
323 2628 355 2691 in
381 2627 545 2712 republica
562 2629 683 2712 judices
706 2629 913 2713 praeeiderent
935 2627 1079 2692 homines
1097 2625 1246 2703 famelici,

99 2731 178 2793 arari
206 2737 239 2796 et
268 2733 415 2812 indocti,
447 2735 501 2817 qui
533 2736 635 2818 pretio
657 2733 811 2816 redempti
836 2729 971 2818 quidlvis
994 2731 1158 2809 facerent,
1194 2731 1249 2814 qni

101 2841 222 2918 prepter
244 2838 331 2902 mele
354 2843 386 2901 et
409 2839 517 2921 inique
540 2838 796 2902 administratum
823 2837 875 2920 jue
906 2858 1031 2920 poenam
1055 2841 1161 2901 essent
1183 2858 1248 2900 me·

101 2938 151 3002 u'ti
171 2941 295 3027 legibus
321 2943 522 3026 praefinitam,
547 2947 579 3007 et
600 2943 731 3007 omnino
754 2941 843 3021 hules,
867 2943 905 3006 de
928 2940 1043 3024 quibus
1064 2941 1250 3026 gravissime

664 3063 683 3102 s

100 3149 146 3212 eiu
166 3151 260 3234 yedes
285 3152 476 3237 besonder†
506 3153 556 3216 nit
590 3152 690 3216 solltn
722 3173 757 3215 so
788 3150 830 3216 vil
855 3147 973 3214 erbar¹
996 3147 1061 3213 und
1084 3147 1248 3232 geschich-

101 3251 203 3318 licheit
224 3257 350 3336 haben,
383 3257 431 3322 uls
455 3257 507 3321 ein
530 3256 761 3321 consistorium
784 3277 846 3320 ron
869 3277 943 3318 xxx.
966 3255 1042 3319 oder
1064 3252 1154 3317 mehr
1177 3273 1249 3337 per-

101 3363 216 3424 renen?

181 3463 274 3528 Wolt
303 3485 384 3550 geru
416 3465 547 3542 nissen,
582 3487 674 3528 wenn
706 3485 815 3550 grosse
845 3463 1035 3529 onleidliche
1068 3462 1251 3527 millbreuch

100 3568 159 3632 und
182 3569 361 3654 gebrechen
386 3567 453 3633 sich
477 3569 695 3634 allenthalben
728 3569 761 3633 in
791 3569 852 3632 den
879 3567 1057 3633 weltlichen
1080 3565 1252 3631 Processen

105 3673 165 3738 und
179 3673 478 3759 rechtfertigungeu
495 3672 660 3751 erhielten‚
676 3674 716 3738 ob
732 3695 806 3738 man
822 3673 925 3737 einem
937 3671 1059 3750 Camer,
1084 3671 1155 3754 [64]
1178 3671 1253 3735 oder

102 3777 224 3844 andem
247 3778 400 3856 Gericht‚
424 3780 560 3842 deman
584 3779 766 3864 eygentlich
791 3779 893 3854 unet,
922 3779 978 3840 clas
1002 3777 1052 3839 nit
1074 3775 1169 3840 allein
1192 3795 1250 3837 on-

103 3881 231 3963 geleta,
262 3883 381 3948 condet
410 3883 491 3948 auch
522 3883 699 3968 hungerige
726 3883 791 3946 und
819 3881 955 3967 geitzige
978 3880 1110 3946 Richter
1134 3883 1250 3958 utrem

105 3983 149 4048 die
169 3986 245 4052 alles
268 3987 348 4052 umb
371 3988 454 4073 gelts
477 3967 583 4051 willeri
606 3987 736 4063 chaun,
769 3985 819 4050 ‹lie
849 4007 911 4049 von
935 4007 1044 4071 wegen
1069 3985 1130 4049 irer
1153 4005 1250 4069 onge-

106 4085 262 4158 hltrlichen
286 4093 512 4178 hundlungen‚
542 4091 703 4156 verdienet
725 4090 836 4155 hittteu
861 4089 998 4175 geetraft
1019 4093 1058 4154 ut
1080 4089 1166 4168 sein,
1202 4089 1252 4153 die

107 4191 270 4285 henernug
301 4198 369 4263 und
400 4195 628 4280 Reformirung
661 4195 814 4280 gemeltcr
847 4194 925 4278 (ling
959 4193 1155 4280 heymgcben
1188 4193 1250 4258 und

670 4338 687 4372 0

176 4423 186 4474 l
205 4421 369 4491 erbarkeyt.
1004 4507 1047 4568 7*
