3172 4962
727 341 789 406 149

56 502 61 510 ’
180 514 294 580 ooelum
317 535 387 580 oum
411 535 492 598 aqua
514 535 589 592 sue,
619 536 715 600 quam
741 514 775 578 in
798 519 916 580 terram
940 515 1079 596 emittit,
1113 517 1245 582 abluens
1277 539 1327 583 re-

180 618 309 704 spondit
331 619 481 703 portitori
503 620 695 697 oarbonnm,
728 641 800 687 oum
833 621 1014 705 hospitatus
1043 621 1157 688 fnisset
1179 643 1250 688 oum
1273 644 1327 689 eo:

180 724 296 801 frater,
320 745 385 789 nou
407 745 573 808 possumus
595 726 763 791 convenire
786 726 900 803 simul,
931 727 1081 811 quioquid
1108 727 1212 805 enim,
1242 728 1327 813 quod

179 829 307 894 abluere
329 833 438 912 potero
453 850 510 914 per
525 831 618 906 diem,
642 853 707 896 una
721 833 799 896 hora
814 832 934 915 poteris
949 833 1147 918 denigrando
1159 833 1326 898 maculare.

153 931 230 998 asic
252 933 349 998 etiam
367 937 490 1012 toturn,
511 935 595 1018 quod
617 936 742 1021 sapiens
766 936 816 1002 vel
838 937 941 1002 bonus
965 938 1101 1022 aequirit
1124 938 1226 1003 multo
1248 941 1327 1002 tem·

180 1059 265 1124 pore,
288 1039 407 1104 stultus
430 1040 478 1104 vel
504 1041 604 1106 malus
627 1042 763 1108 destruit
784 1065 848 1108 una
870 1042 958 1108 hora.

452 1214 509 1280 De
531 1201 670 1282 fldvio
691 1222 731 1283 et
753 1217 873 1296 mari,
897 1217 969 1283 dial.
999 1222 1046 1283 ll.

268 1354 397 1419 Florius
419 1357 468 1420 est
490 1355 661 1419 seeundum
683 1355 908 1439 philosophum
931 1375 1040 1420 aursus
1056 1354 1248 1433 indeficiens,
1277 1377 1327 1420 re·

179 1459 276 1525 seatio
297 1460 373 1524 solis
396 1461 428 1523 et
449 1459 597 1545 irrigatio
620 1466 722 1526 terra.
770 1461 832 1538 Qui
855 1461 1009 1544 prooessit
1031 1461 1070 1526 ad
1093 1483 1178 1526 mare
1202 1461 1325 1526 dioens:

140 1583 166 1622 ιο
179 1568 264 1630 recte
285 1563 445 1629 vocaberis
458 1585 552 1644 mare,
576 1564 608 1630 id
631 1568 679 1630 est
700 1586 856 1646 amarum,
879 1565 954 1649 quia
968 1565 1003 1628 in
1016 1565 1228 1630 amaritudine
1242 1587 1326 1630 sern-

179 1691 236 1754 per
258 1669 346 1736 viris
392 1667 508 1735 Nonne
537 1675 585 1735 est
615 1691 732 1756 magna
762 1671 939 1736 amaritudo
969 1675 1002 1735 et
1033 1670 1230 1755 ingratitudo
1260 1673 1326 1749 tua,

179 1795 249 1840 oum
271 1775 422 1840 continue
443 1775 482 1839 de
504 1774 668 1841 dulcedine
691 1797 761 1841 mea
784 1775 868 1840 bibis
897 1784 930 1840 et
962 1779 998 1840 tu
1027 1796 1151 1859 semper
1175 1775 1327 1839 amaritu-

179 1878 286 1943 dinem
307 1879 341 1944 in
365 1901 415 1944 me
446 1879 596 1965 largiris?
624 1879 713 1945 Mare
742 1881 922 1963 respondit:
953 1884 1122 1964 argentum
1152 1883 1184 1945 et
1215 1899 1326 1945 aurum

179 2005 244 2048 non
267 1987 316 2049 est
337 2005 470 2062 meeum,
494 1985 577 2069 quod
600 1989 707 2049 autem
731 1984 848 2064 habeo,
881 1985 940 2050 hoo
961 1984 1023 2049 tibi
1047 1983 1105 2061 do,
1133 1984 1172 2048 de
1193 1984 1327 2049 interio-

141 2104 166 2144 1⁶
179 2089 267 2154 ribus
291 2090 432 2174 eorporis
454 2089 517 2154 mei
540 2090 647 2154 tribuo
668 2089 740 2168 tibi,
762 2095 926 2174 tamquam
949 2089 1050 2155 amieo
1064 2088 1159 2153 fideli.
1204 2087 1326 2154 ldeiroo

135 2223 137 2228 ·
179 2195 307 2279 paoilioe
336 2194 492 2259 sustinere
524 2194 617 2260 debes
645 2195 890 2260 amaritudinem
924 2216 1045 2272 meam,
1077 2195 1153 2278 quia
1186 2194 1213 2258 si
1246 2193 1328 2258 bene

178 2301 392 2384 prospexeris,
423 2301 497 2366 inde
519 2301 680 2366 derivatur
703 2301 834 2366 duloedo
856 2300 994 2366 maxima
1023 2304 1056 2364 et
1076 2299 1248 2364 ineffabilis
1270 2298 1326 2363 bo·

178 2404 262 2469 nitas
285 2409 349 2470 tua.
395 2403 465 2470 Hoo
486 2406 617 2470 audiens
638 2405 771 2482 fluvius,
801 2409 888 2470 totus
916 2404 1101 2488 pacificatus
1133 2407 1182 2469 est
1203 2403 1325 2468 dicens:

178 2529 286 2573 amara
307 2508 400 2574 debet
423 2513 568 2593 portare,
598 2511 652 2594 qui
675 2510 780 2574 duloia
802 2510 872 2575 uult
894 2512 1031 2594 gustare.
1077 2507 1129 2573 Ita
1152 2506 1326 2591 quemlibet

138 2630 165 2669 ⁸⁰
179 2617 304 2697 oportet
336 2613 581 2680 amaritudinem
612 2614 858 2681 tribulationum
891 2618 1038 2698 portare,
1069 2613 1097 2678 si
1128 2612 1326 2678 dulcedinem

177 2719 413 2802 supernorum¹
436 2719 526 2805 eupit
549 2723 687 2805 gustare.
735 2719 819 2797 Quia
841 2717 1013 2804 Gregorius
1035 2717 1129 2783 dicit:
1159 2716 1327 2782 tribulatio

177 2827 226 2889 est
248 2826 342 2908 porta
367 2825 459 2910 regni
489 2824 650 2890 eoelorum.
696 2822 788 2889 Unde
818 2823 852 2888 in
886 2822 936 2887 Pa.
968 2821 1105 2888 CXVII:
1138 2822 1205 2887 haeo
1234 2823 1329 2906 porta

178 2928 308 3008 domini,
329 2929 408 3012 justi
430 2929 599 2996 intrabunt
620 2951 771 3014 peream.
818 2927 908 2994 Siout
932 2927 1050 2993 dieitur
1065 2925 1206 2992 Aetuum
1229 2923 1327 2990 XIV:

177 3055 234 3120 per
256 3034 374 3098 multas
395 3034 618 3100 tribulationes
648 3037 774 3118 oportet
802 3055 859 3098 nos
889 3034 1011 3098 intrare
1041 3032 1075 3096 in
1099 3053 1235 3117 regnum
1256 3029 1326 3095 Dei.

138 3153 164 3193 ’δ
178 3137 237 3204 Sed
261 3139 389 3222 quidam
412 3143 488 3204 sunt
510 3140 628 3204 similes
653 3139 761 3217 simiae‚
786 3139 841 3221 qui
873 3138 1042 3202 ascendens
1065 3137 1100 3202 iu
1122 3137 1266 3203 arborem
1297 3140 1330 3200 et

177 3243 342 3309 inveniens
369 3244 459 3308 nucis
481 3245 726 3310 amaritudinem
756 3245 791 3308 in
814 3243 947 3320 cortice,
978 3243 1100 3308 fruetus
1132 3241 1265 3326 projecit
1296 3245 1329 3306 et

177 3348 247 3414 ideo
269 3369 333 3412 non
357 3349 500 3434 gustarit
530 3349 568 3413 de
598 3348 762 3414 dulcedine
795 3349 894 3412 nuois.
940 3346 992 3412 sie
1022 3347 1117 3410 multi
1140 3346 1327 3430 insipientes

176 3453 400 3519 tribulationes
422 3454 603 3538 projiciunt,
627 3474 698 3518 enm
721 3475 830 3519 earum
849 3452 1094 3518 amaritudinem
1116 3453 1269 3531 sentiunt,
1294 3457 1327 3518 et

177 3559 247 3623 ideo
270 3579 332 3623 non
354 3559 530 3644 gustabunt
559 3561 597 3624 de
628 3559 794 3624 dulcedine
830 3558 954 3642 praemii
988 3558 1063 3622 ritae
1085 3561 1227 3635 eternae,
1258 3579 1328 3642 quae

137 3677 164 3716 ⁸⁰
178 3663 309 3729 dulcedo
331 3663 458 3729 dabitur
473 3663 534 3741 his,
559 3663 613 3748 qui
630 3662 855 3728 tribulationes
869 3663 1029 3748 patienter
1041 3663 1208 3728 sustinent
1247 3661 1327 3726 Pro-

178 3771 220 3858 ut·
238 3767 366 3852 quidam
398 3770 495 3835 abbas
524 3773 698 3835 exoaeoatus
730 3769 872 3834 dicebat:
905 3769 1025 3854 gratias
1055 3788 1117 3852 ago
1148 3766 1215 3831 Deo
1246 3787 1326 3844 meo,

179 3875 234 3960 qui
257 3873 430 3939 vindicavit
450 3895 501 3939 me
522 3873 560 3940 de
581 3875 721 3939 inimicis
743 3873 839 3951 meis¹
863 3873 917 3957 qui
941 3877 992 3938 tot
1012 3871 1096 3937 mala
1118 3870 1199 3935 mihi
1226 3870 1328 3935 farere

177 3980 325 4046 solebant
353 4001 411 4064 per
440 3979 520 4044 istos
551 3979 628 4044 duos
660 3980 838 4064 proditores
869 3983 902 4043 et
932 3982 1089 4061 raptores,
1125 3974 1244 4040 soilioet
1271 3996 1328 4058 per

177 4084 299 4161 oeulos,
331 4082 435 4168 quoe²
468 4083 635 4150 destruxit.
682 4083 774 4148 Alius
808 4083 936 4166 quidam
964 4081 1132 4166 religiosus
1155 4101 1226 4146 oum
1248 4079 1327 4143 ami-

137 4203 163 4244 ³⁶
178 4189 272 4254 sisset
294 4189 431 4271 oculum,
454 4189 551 4273 eoepit
573 4190 719 4275 gaudere.
765 4188 908 4271 Cumque
931 4185 986 4250 alii
1005 4185 1158 4263 dolerent,
1183 4183 1329 4268 quaesivit

743 4307 760 4346 dt

191 4463 196 4476 ,
249 4413 263 4468 1
282 4412 407 4470 Andere:
426 4429 586 4484 parvorum.
674 4415 691 4469 ‘l
710 4413 836 4469 Ardere:
855 4411 960 4468 seilicet
977 4427 1046 4482 quoe
1064 4411 1157 4469 oeulos
1175 4411 1326 4468 destruxit.
