3082 4938
825 285 885 346 151

269 455 337 538 jam
360 463 445 524 esset
474 457 670 541 amplificate
701 477 815 532 eausa,
850 459 1040 520 conventum
1074 457 1220 522 indixisti
1251 457 1428 541 publicum.

271 563 310 628 ln
334 586 414 646 quo,
446 563 521 629 lieet
545 563 582 628 ad
608 563 672 626 vini
695 565 875 646 spectarent
899 561 945 624 illi
970 561 1051 644 ipsi,
1086 561 1141 645 qui
1166 565 1197 626 te
1221 559 1334 628 Gallia
1355 563 1428 648 regi

273 689 372 752 nuper
396 669 600 751 conjunctum
624 665 705 730 nihil
730 687 793 731 non
816 685 906 748 posse
930 665 1078 747 perficere
1107 665 1281 749 putabant,
1315 671 1358 732 tu*
1374 671 1426 730 ta-

269 795 341 838 uren
366 773 521 858 singulari
546 795 621 836 usus
644 772 843 836 humanitate
865 771 1106 855 prudentiaque,
1132 793 1197 836 rem
1215 774 1426 854 permittebas

269 879 302 942 in
327 878 390 943 alio
412 877 541 942 comitio
572 877 808 959 disceptandam
839 875 924 940 inter
953 875 1119 959 utriusque
1148 877 1250 960 partis
1279 867 1427 942 homines

272 983 389 1046 doctos.
436 981 515 1060 Qui,
550 1001 722 1065 paucorum
746 980 865 1044 dierum
889 978 1154 1044 collocutionibus
1176 980 1315 1057 habitis,
1350 985 1427 1044 tan·

271 1111 366 1172 quarn
391 1087 551 1170 praeludiis
575 1084 763 1169 quibusdam
794 1089 825 1150 et
850 1083 1103 1162 velitationibus,
1135 1083 1344 1150 ltatisbonam
1366 1083 1426 1150 abs

269 1197 301 1258 te
323 1191 369 1276 [N
379 1193 417 1276 ij]
441 1195 518 1256 eunt
539 1191 669 1256 evocati.
716 1191 786 1267 Quo
808 1211 881 1254 cum
903 1194 936 1254 et
958 1189 1014 1254 alii
1036 1189 1198 1274 principes
1220 1211 1338 1276 magno
1361 1211 1426 1254 nu·

271 1317 357 1362 mero
380 1297 550 1374 venissent,
573 1300 619 1375 tu,
643 1316 749 1360 veram
773 1299 868 1378 atque
884 1294 1062 1378 legitimam
1077 1295 1235 1360 rationem
1251 1295 1426 1380 ingressus,

270 1401 357 1468 aliud
381 1401 570 1466 instituebas
593 1398 729 1482 amplius
753 1397 965 1482 colloquium,
1000 1398 1033 1463 in
1065 1421 1129 1482 quo
1151 1400 1228 1483 quid
1251 1405 1357 1466 aetum
1380 1399 1429 1463 sit

270 1511 303 1574 et
326 1503 599 1589 quemadmodum,
624 1502 705 1567 nihil
729 1502 846 1568 attinet
867 1507 1019 1586 repetere.

356 1607 701 1685 decacuminare,
738 1607 814 1691 quid
843 1607 931 1671 aliud
949 1607 1085 1691 judicari
1108 1609 1221 1686 debet,
1256 1630 1349 1692 quam
1372 1631 1426 1674 re-

269 1716 421 1800 pressisse
429 1713 532 1780 Deum
548 1717 580 1779 et
595 1711 773 1780 cohibuisse
787 1712 920 1780 consilia
943 1718 1006 1792 tua,
1030 1715 1084 1780 sed
1107 1717 1139 1779 et
1162 1715 1208 1779 ita
1230 1715 1428 1800 gubernasse

843 1834 860 1874 a

270 1924 416 1992 combien
439 1927 522 1988 caete
544 1943 634 1988 cause
656 1922 753 1988 estoit
776 1923 949 2007 emplifiee,
987 1930 1021 1990 tu
1046 1925 1190 2008 assignas
1213 1945 1274 1990 une
1293 1925 1428 2008 journee

271 2029 449 2118 Imperiale.
474 2051 513 2092 en
535 2025 670 2108 laquelle
693 2027 837 2094 combien
861 2049 921 2111 que
944 2049 1021 2092 ceux
1043 2050 1176 2093 mesmes
1195 2030 1250 2112 qui
1267 2051 1308 2094 ne
1322 2031 1426 2094 t'esti-

269 2139 401 2220 moyent
422 2134 490 2198 rien
514 2131 698 2215 impossible
720 2154 799 2216 pour
824 2133 979 2198 l’alliance
1001 2155 1075 2198 arec
1098 2135 1127 2199 le
1143 2134 1213 2219 Roy
1236 2135 1274 2200 de
1290 2135 1425 2212 France,

270 2241 480 2308 frctillessent
513 2239 551 2302 de
580 2238 683 2322 grand
714 2238 796 2302 desir
828 2239 866 2302 de
895 2239 987 2322 jouer
1018 2239 1072 2304 des
1105 2244 1293 2318 musteum,
1327 2245 1428 2306 usant

271 2345 437 2442 tcuteplois
467 2341 663 2408 d'humauitd
692 2346 724 2407 et
756 2342 912 2430 prudenoe
944 2343 1135 2427 singulisne,
1170 2349 1206 2408 tu
1241 2344 1361 2408 voulois
1394 2345 1428 2408 la

270 2451 363 2518 chose
387 2456 469 2516 estre
492 2449 626 2514 debatue
648 2451 737 2512 entre
759 2469 837 2534 gens
858 2448 964 2514 doctos
987 2449 1080 2514 d'une
1103 2452 1175 2532 pert
1198 2453 1230 2512 et
1245 2449 1367 2514 d'autre
1382 2469 1426 2512 en

270 2556 382 2622 l'autre
401 2556 541 2640 journde.

838 2676 857 2717 s

269 2789 329 2832 con
352 2765 381 2830 el
404 2787 460 2849 ray
481 2764 520 2828 de
536 2764 679 2842 Francia,
703 2765 774 2829 aria
795 2765 935 2831 tambien
959 2766 997 2830 de
1019 2788 1069 2831 ser
1091 2765 1202 2830 aellos
1218 2763 1294 2829 util:
1315 2787 1337 2848 y
1361 2787 1427 2848 que

267 2894 309 2957 ya
332 2870 395 2934 easi
417 2869 560 2933 saltarau
585 2869 668 2933 alas
692 2869 805 2933 barves
826 2891 885 2934 oon
910 2869 1067 2934 feroeidad
1090 2892 1183 2934 aeus
1206 2868 1423 2935 adversarios:

269 2971 479 3040 acordandose
502 2976 629 3037 vuestra
651 2973 816 3056 Magastad
849 2974 886 3038 de
918 2997 955 3038 su
991 2975 1120 3058 palabra
1142 2997 1164 3060 y
1186 2996 1367 3058 promessa,
1402 2999 1426 3060 y

268 3101 327 3164 por
350 3082 482 3144 ventura
506 3074 649 3142 mirando
672 3085 792 3159 quanto
825 3100 859 3143 se
888 3079 959 3144 avia
981 3079 1179 3162 amplificado
1201 3103 1242 3164 ys
1265 3080 1297 3144 ls
1318 3101 1426 3159 eausa

270 3185 341 3250 hizo
363 3204 517 3248 couvoear
539 3203 603 3246 una
625 3181 753 3266 publica
776 3181 885 3248 Dicta:
915 3169 955 3248 eir
986 3184 1018 3248 la
1041 3185 1133 3268 qual,
1165 3206 1290 3268 cunque
1313 3184 1426 3248 tenian

269 3292 394 3356 intento
417 3289 455 3353 de
479 3289 567 3352 venir
589 3311 608 3352 a
630 3287 677 3352 las
700 3309 833 3364 manoe,
867 3287 912 3352 los
935 3311 995 3372 que
1017 3287 1190 3353 vieudote¹
1213 3287 1426 3353 confederado

269 3416 328 3460 con
352 3395 380 3459 el
404 3416 459 3478 rey
483 3393 521 3458 de
543 3391 686 3470 Francia,
710 3394 756 3457 les
781 3393 920 3477 parocia,
945 3415 1007 3476 que
1029 3415 1070 3457 no
1093 3393 1181 3458 arria
1203 3413 1277 3458 cosa
1300 3413 1360 3476 que
1382 3405 1428 3457 no

269 3497 465 3585 pudiessen²
487 3497 660 3582 concluyr,
693 3497 774 3562 Pero
807 3504 933 3562 suestra
955 3497 1120 3580 Magastad
1151 3496 1270 3562 usando
1301 3497 1430 3562 deuna

270 3604 417 3690 singular
439 3603 651 3679 humanidad,
673 3626 695 3687 y
717 3603 906 3687 prudencia,
931 3607 1007 3666 tuvo
1030 3623 1088 3684 por
1111 3601 1185 3666 bien
1208 3623 1269 3684 que
1292 3623 1331 3666 en
1353 3606 1430 3666 otra

272 3709 366 3774 Dieta
389 3709 561 3792 siguiente,
593 3729 625 3772 se
648 3711 783 3772 tratasee
805 3708 837 3773 la
859 3729 952 3772 causa
975 3711 1065 3772 entre
1088 3705 1235 3772 hombras
1258 3706 1365 3772 doctos
1388 3706 1429 3772 de

269 3816 380 3882 ambas
404 3818 527 3898 partes:

840 3933 857 3972 s

291 4031 298 4045 '
361 4021 435 4116 Nun
454 4023 516 4086 wdl
532 4023 568 4088 Ε.
581 4023 625 4088 Μ.
642 4024 833 4099 bedenelsen,
857 4021 898 4086 ob
914 4043 987 4086 man
1005 4023 1056 4086 nit
1071 4021 1235 4086 bekennen
1258 4025 1338 4100 mlle,
1360 4021 1429 4086 und

273 4125 330 4202 sol,
354 4126 409 4189 das
433 4127 613 4212 vilgemelte
635 4130 719 4206 sach,
743 4128 842 4192 durch
866 4126 931 4192 Got
952 4127 1011 4192 den
1035 4127 1149 4192 herren
1173 4127 1274 4211 regirt
1289 4125 1428 4210 andge-

343 4352 354 4404 l
379 4352 446 4406 1559
466 4353 525 4407 und
546 4355 627 4410 1857:
646 4351 784 4409 viendole.
855 4353 872 4406 2
894 4355 961 4408 1559
980 4351 1115 4424 pudiessa
1153 4351 1220 4406 1857
1238 4349 1361 4420 pudicae
