3172 4958
712 294 753 358 81

162 463 229 529 haec
251 462 314 528 duo
336 466 425 540 sunt,
457 462 633 547 dequibus
656 463 772 542 miror,
797 487 896 530 unum
918 469 983 544 est,
1014 467 1107 550 quod,
1131 489 1200 532 cum
1227 467 1312 544 bibo,

161 567 235 654 plus
257 569 351 648 sitio,
383 568 469 634 aliud
491 589 565 633 vero
587 572 656 646 est,
686 568 769 651 quod
796 569 975 634 extendatis
998 570 1150 636 vitalibus
1173 571 1314 655 eorporis

162 673 379 738 fundamentis
410 695 429 737 a
459 671 537 738 foris
564 673 633 738 sola
654 674 736 738 cutis
758 673 924 741 intumuit.
970 673 1028 740 (lui
1050 677 1223 762 magistra:
1255 699 1314 760 pu-

161 779 270 843 tabam
298 781 383 842 certe
415 779 506 842 tanta
535 781 567 842 te
595 777 664 842 fore
695 782 763 843 arte
792 779 977 867 calliditatis
1008 781 1242 864 aliquantulum
1280 783 1313 846 iu

135 881 404 948 medicinalibus
427 882 593 962 eruditam,
617 883 671 947 sed
694 883 784 948 video
807 885 893 968 quod
914 884 1148 969 Hippocraticae
1171 887 1318 972 discipli.

161 1009 212 1052 nae
235 986 380 1052 totaliter
401 1009 433 1052 es
463 987 592 1072 ignara;
623 988 759 1074 languor
782 989 869 1052 enim
891 994 964 1053 tuus
994 1010 1074 1068 non,
1105 994 1142 1054 ut
1164 992 1314 1069 aestimas,

162 1091 251 1171 sitis,
275 1092 330 1156 sed
352 1091 451 1156 fames
474 1090 688 1157 membrorum
711 1095 775 1172 est,
810 1093 959 1176 quoniam
981 1114 1053 1157 oum
1076 1094 1109 1156 in
1134 1097 1165 1158 te
1186 1095 1314 1162 flamma

162 1196 367 1281 intemperati
390 1196 503 1260 caloris
527 1196 612 1261 infra
634 1218 726 1261 suum
758 1199 886 1262 modum
916 1197 1111 1277 remittitur,
1143 1199 1249 1264 minor
1276 1202 1314 1266 fit

162 1301 309 1386 hepatioa
352 1301 526 1385 digestiva,
572 1305 651 1365 tunc
687 1324 770 1386 aqua
806 1324 863 1384 pro
901 1303 1058 1387 sanguine
1095 1304 1243 1389 gignitur
1282 1311 1314 1371 et

125 1425 151 1462 1⁰
164 1427 221 1471 suo
251 1405 392 1471 membra
423 1405 621 1470 nutrimento
652 1405 821 1489 privantur
852 1411 950 1490 atqua
973 1407 1112 1472 arefacta
1135 1409 1242 1474 vitalis
1264 1409 1313 1475 fa-

160 1510 344 1582 mescentia,
370 1508 433 1574 eibi
471 1508 661 1598 sanguinem
698 1509 935 1592 concupiscunt.
992 1508 1112 1576 Verum
1149 1516 1185 1576 tu
1221 1513 1313 1578 ober-

160 1639 213 1682 ras
255 1616 288 1680 in
327 1612 507 1698 hujusmodi
534 1612 669 1696 judicio,
717 1612 877 1697 appetitus
914 1614 1031 1679 famem
1064 1618 1206 1700 putando
1244 1641 1312 1684 eor-

160 1721 248 1806 poris
270 1720 358 1785 sitim
381 1741 457 1795 esse,
480 1717 556 1783 dum
578 1738 637 1803 pro
649 1717 719 1782 cibo
741 1717 869 1782 laticem
893 1718 1002 1796 donas,
1024 1721 1194 1786 secundam
1211 1725 1312 1809 magis

160 1825 349 1911 digestivam
380 1823 545 1901 debilitas,
580 1844 642 1906 quo
672 1827 704 1887 et
734 1823 839 1887 minus
862 1824 1017 1908 sanguine
1039 1832 1190 1909 generato
1212 1851 1312 1893 mem·
1413 1843 1416 1848 “

121 1946 147 1986 ²⁶
160 1931 219 1996 bra
250 1930 388 1995 aridiora
420 1928 506 1993 facta
540 1925 652 1991 exinde
690 1926 761 2011 plus
798 1926 984 1992 famescunt.
1046 1927 1181 2015 Propter
1218 1935 1311 2016 quod,

159 2035 340 2113 carissime,
377 2035 474 2100 etiam
511 2032 538 2098 si
561 2031 744 2097 Danubium
760 2031 950 2117 deglutires,
989 2034 1121 2101 minime
1149 2037 1232 2103 hanc
1269 2040 1312 2103 si-

159 2141 221 2206 tim
244 2141 477 2226 exstingueres,
511 2135 565 2202 sed
594 2158 739 2222 augeres,
763 2158 834 2200 eum
855 2137 947 2220 juxta
970 2136 1095 2204 Galieni
1118 2143 1309 2207 sententiam

159 2247 245 2312 latex
273 2245 529 2312 substantialiter
556 2242 659 2307 carnis
689 2263 810 2327 organa
832 2262 897 2306 non
927 2241 1096 2310 humectat.
1140 2245 1230 2310 Istud
1261 2248 1312 2311 ni-

160 2351 277 2416 mirum
309 2354 436 2414 tantum
466 2347 501 2412 in
531 2347 705 2412 moralibus
738 2347 865 2411 astutiis
897 2346 1020 2412 erudita
1051 2351 1240 2416 naturaliter
1274 2375 1312 2417 ex

124 2482 151 2521 so
165 2477 212 2534 aa,
236 2477 331 2540 quam
355 2455 477 2540 patitur
500 2475 612 2519 avarus
634 2453 668 2517 in
690 2456 806 2530 mente,
830 2451 995 2537 hydropisi
1016 2474 1143 2518 cernere
1176 2454 1311 2520 lucidius

159 2559 305 2644 potuisti.
350 2557 498 2644 Namque
527 2581 598 2624 cum
628 2559 663 2623 in
692 2557 758 2642 ejus
790 2558 898 2623 anima
921 2579 977 2642 per
999 2558 1184 2642 cupiditatis
1207 2582 1311 2624 excas-

159 2665 263 2732 sivum
285 2665 466 2731 incendium
489 2667 709 2749 corrumpatur
740 2663 904 2747 proportio
937 2663 1079 2728 caritatis
1104 2687 1140 2729 ac
1155 2665 1312 2750 digestiva

159 2771 207 2836 vis
236 2769 398 2836 electionis
425 2769 566 2848 oberret,
598 2767 819 2833 substantialis
840 2768 917 2833 boni
939 2767 1064 2852 perdito
1087 2770 1244 2855 sanguine
1266 2773 1310 2835 si-

159 2876 294 2941 tibunda
317 2875 428 2940 statim
451 2874 583 2939 ariditas
607 2873 768 2938 derivatur
792 2873 825 2936 in
848 2875 965 2937 mente.
1011 2871 1070 2939 Sed
1099 2895 1171 2938 cum
1195 2876 1311 2939 mentis

117 2981 272 3046 indeindc
303 2978 484 3044 concutiens
514 2978 676 3062 appetitus
710 2977 794 3042 bona
823 2977 1043 3061 temporaliter
1074 2978 1188 3058 fluida,
1219 2982 1312 3063 quasi

158 3089 271 3172 potum
293 3104 351 3169 pro
367 3083 436 3148 cibo
459 3083 567 3168 cupiat
589 3087 621 3148 et
643 3104 701 3167 pro
716 3080 980 3147 substantialibus
1003 3087 1036 3147 et
1058 3085 1185 3148 aeternis
1209 3107 1310 3168 quan-

159 3195 353 3274 tumcunque
375 3188 600 3253 sollicitudinis
623 3209 778 3272 perversae
799 3187 883 3252 circa
904 3188 1055 3272 poculum
1077 3191 1219 3273 pecuniae
1235 3191 1310 3255 sub-

158 3297 329 3376 ministret,
352 3295 423 3360 sitis
446 3315 571 3381 magnae
597 3293 781 3380 cupiditatis
804 3294 1005 3371 accenditur,
1038 3294 1187 3378 quoniam
1216 3317 1310 3359 mun-

159 3400 250 3466 danis
272 3400 445 3486 opulentiis
474 3401 607 3485 spiritus
639 3399 770 3464 ariditas
799 3421 865 3464 non
891 3399 1049 3463 minuitur
1082 3399 1136 3463 sed
1165 3403 1309 3484 augetur.

117 3528 145 3566 eo
160 3505 347 3572 Accendant
368 3506 454 3570 enim
476 3505 525 3570 hae
547 3505 695 3570 affectum
718 3503 892 3591 gravidiori
915 3503 1077 3579 aviditate,
1102 3504 1176 3568 dum
1191 3503 1311 3568 fallunt

160 3609 238 3674 boni
259 3611 468 3694 appetitione,
505 3611 579 3695 quia
605 3609 725 3674 bonurn
749 3609 886 3674 solidum
909 3607 1075 3673 affectatur
1102 3613 1133 3672 et
1155 3630 1311 3692 apparens

159 3715 357 3781 attribuitur.
404 3715 566 3781 Bonitatis
588 3714 696 3780 solidae
718 3715 899 3780 substantia
931 3735 995 3778 non
1026 3718 1152 3797 reperta
1179 3713 1310 3777 aflectus

158 3820 376 3886 vehementius
406 3820 633 3886 inflammatur.
672 3820 797 3885 Natura
825 3821 943 3903 quippe
974 3823 1125 3903 provocat
1154 3818 1310 3882 desideria

158 3927 348 3992 mentientia
370 3926 590 3991 desideratum.
637 3923 743 4010 Igitur
764 3924 792 3988 si
820 3924 988 3988 crescentis
1012 3923 1186 4006 cupiditate
1208 3923 1308 3986 animi

116 4051 144 4093 se
156 4029 313 4116 possessio
335 4031 472 4096 mundus
495 4035 594 4108 esset,
627 4052 726 4115 rapax
749 4029 883 4095 avaritia
909 4030 980 4113 plus
1004 4029 1110 4092 sitiret
1132 4050 1169 4094 ac
1192 4029 1308 4093 mentis

157 4136 328 4202 existentia
341 4136 523 4202 tabescente
544 4135 650 4200 inanis
665 4135 776 4222 gloriae
785 4134 867 4199 cutis
877 4133 956 4199 foris
972 4137 1098 4198 tantam
1108 4137 1305 4198 tumesceret.

158 4241 432 4322 Quemadmodum
454 4263 530 4328 ergo
553 4262 683 4319 avarus,
706 4241 735 4306 si
756 4239 898 4305 caritatis
920 4238 1072 4325 largitate
1101 4237 1309 4322 cupiditatem

157 4347 358 4427 exstinxerit,
381 4347 526 4428 satiatur,
549 4349 595 4414 sic
617 4347 809 4435 hydropicus
833 4345 973 4412 naturali
994 4344 1174 4411 confortato
1197 4345 1300 4410 calore

210 4469 375 4514 necamus:
1024 4453 1043 4517 6
