3074 4952
790 327 852 389 246

155 581 157 585 Ι
244 523 315 566 rum
338 500 461 566 functio
483 499 525 564 sit
547 497 642 583 plane
665 497 769 566 civilis
792 501 824 562 et
846 497 917 582 plus
940 520 1035 582 quam
1057 497 1208 584 prolana,
1242 519 1314 564 suas
1344 502 1396 564 ts·

245 629 317 672 men
341 607 462 671 interea
484 605 576 670 nobis
607 604 784 669 obtrudunt
816 605 1020 683 sanctitates,
1053 625 1151 689 eoque
1182 605 1309 670 nomine
1337 625 1397 689 pa-

243 712 371 776 tiuntur
393 733 425 775 se
448 714 571 775 tantum
597 731 663 774 non
684 709 820 774 adorari.
852 709 894 774 Et
916 710 1039 775 faciunt
1060 709 1120 774 hoc
1142 709 1177 772 in
1192 715 1257 788 tuo,
1281 707 1396 787 Cesar,

244 819 432 902 conspectu,
454 837 524 880 ·nec
553 815 586 880 id
608 815 720 893 modo,
756 816 962 880 verumetiam
993 835 1065 880 suas
1097 813 1257 879 loeditatee
1285 813 1398 879 dextra

244 924 300 984 tua
323 919 448 985 delendi
471 920 592 986 volunt.
639 921 807 1004 Quousque
827 920 954 985 tandem
978 921 1041 985 ista
1071 919 1294 1004 perferentur?
1341 916 1398 982 An

112 1017 115 1022 ¹
244 1030 326 1094 hanc
348 1033 472 1094 tantam
495 1027 657 1093 audaciam
680 1048 772 1092 nemo
795 1049 936 1111 unquam
960 1025 1140 1091 coercebit?
1184 1024 1269 1088 Deus
1291 1025 1397 1107 pater,

244 1137 282 1198 ut
304 1133 359 1198 irae
374 1155 438 1198 suae
453 1135 518 1198 vim
534 1135 628 1217 atque
643 1131 897 1217 magnitudinem
913 1130 1005 1195 nobis
1021 1128 1209 1206 ostenderet,
1232 1125 1398 1192 licentiam

244 1237 326 1303 hanc
349 1242 380 1302 et
403 1259 558 1303 summam
581 1236 820 1321 improbitatem
843 1235 876 1298 in
906 1255 964 1298 nos
995 1232 1134 1318 grassari
1165 1230 1329 1316 permisit,
1363 1233 1399 1293 et

245 1341 292 1407 ita
314 1363 423 1427 passus
446 1347 511 1420 est,
542 1339 664 1427 ingenii
698 1339 798 1404 nostri
830 1339 929 1403 aciem
961 1357 1088 1402 omnem
1111 1335 1323 1401 circumfundi
1347 1339 1399 1398 te·

246 1446 372 1525 nebris,
406 1451 443 1512 ut
471 1447 567 1511 etiam
595 1447 719 1509 mutata
747 1465 852 1508 rerum
882 1447 1052 1508 naturast
1075 1442 1277 1517 condicione,
1312 1438 1400 1524 quod

244 1551 395 1617 vitiosum
418 1555 486 1616 erat
508 1555 541 1616 et
563 1549 732 1615 nefandum
764 1553 797 1614 et
828 1548 981 1632 impium,
1012 1547 1104 1611 nobis
1139 1545 1297 1610 videretur
1330 1565 1400 1609 esse

246 1655 344 1740 pium,
368 1655 537 1720 honestum
561 1659 593 1720 et
616 1657 860 1719 sacrosanctum.
907 1652 1114 1730 assevero,
1146 1656 1314 1736 postquam
1337 1671 1400 1734 pro

246 1759 401 1823 immensa
424 1759 568 1825 bonitate
590 1781 647 1824 sua
670 1781 727 1823 nos
750 1757 874 1844 itelrum
898 1759 1055 1842 respexit,
1085 1761 1118 1821 et
1140 1755 1259 1840 eripuit
1279 1775 1318 1821 ex
1339 1755 1401 1820 illa

247 1862 434 1928 densissima
457 1875 562 1928 rerum
585 1865 802 1950 ignoratione,
826 1865 912 1930 clara
933 1885 1009 1928 roca
1032 1864 1158 1940 invitat,
1182 1864 1219 1925 ut
1240 1861 1301 1926 hoc
1321 1863 1400 1925 tan-

246 1972 315 2033 tum
338 1969 404 2052 ejus
427 1969 614 2035 beneficium
637 1990 861 2056 agnoscamus,
892 1990 932 2033 ne
960 1967 1181 2052 conduplicata
1210 1968 1320 2030 nostra
1340 1965 1399 2028 de-

245 2074 321 2138 licta
343 2079 458 2160 cogant
481 2075 585 2160 ipsum
608 2075 646 2140 ad
669 2075 855 2140 severiorem
877 2094 1022 2158 poenam,
1055 2077 1088 2138 et
1116 2069 1279 2135 medicinae
1307 2089 1402 2154 spem

245 2200 369 2244 omnem
393 2179 547 2244 auferant.
595 2180 672 2257 Quae
694 2179 737 2244 sit
758 2179 858 2262 ipsius
888 2178 1052 2258 voluntas,
1086 2181 1118 2242 et
1147 2175 1224 2261 quid
1255 2199 1274 2241 a
1303 2176 1400 2241 nobis

167 2319 171 2326 ·
245 2284 404 2367 requirat,
434 2283 656 2368 consignatum
677 2283 807 2367 reliquit
829 2283 863 2346 in
886 2283 951 2347 suis
974 2285 1208 2363 monumentis,
1242 2299 1312 2366 quse
1333 2283 1399 2347 mi-

245 2388 376 2454 nisterio
399 2388 530 2473 spiritus
553 2389 592 2452 ad
608 2408 733 2453 omnem
750 2389 969 2472 posteritatem
984 2391 1173 2469 transmisit,
1196 2396 1233 2457 ut
1250 2394 1401 2458 extarent

244 2493 436 2576 sempiterna
459 2493 496 2556 de
518 2493 587 2577 ipso
609 2493 797 2558 documenta
819 2498 851 2558 et
874 2494 1065 2560 testimonia.
1113 2495 1266 2561 Futuram
1297 2493 1400 2559 etiam

245 2615 325 2661 veras
347 2597 499 2662 doctrinae
522 2598 734 2663 miserabilem
757 2601 789 2662 et
812 2597 1001 2664 horrendam
1023 2601 1253 2678 vastationem,
1285 2604 1318 2664 εὴ
1338 2618 1399 2662 er-

246 2701 400 2766 orituram
423 2703 457 2766 in
481 2703 611 2768 ecclesia
639 2703 842 2788 tyrannidem
874 2703 1050 2788 quandam,
1086 2703 1229 2769 omnium
1259 2704 1401 2770 maxime

246 2804 414 2889 insignem,
438 2807 473 2870 in
495 2807 663 2891 postremis
686 2809 902 2893 temporibus,
937 2809 1053 2873 diserte
1084 2809 1327 2892 praenuntiavit;
1363 2813 1401 2874 et

111 2933 116 2944 ·
246 2929 281 2973 es
304 2909 373 2993 ipsa
394 2911 473 2990 loca,
497 2912 611 2996 quibus
632 2912 699 2977 haec
720 2913 873 2978 vaticinia
897 2914 1116 2992 continentur,
1151 2914 1284 2979 obscura
1305 2912 1399 2996 prius

246 3013 279 3076 in
303 3015 429 3100 magnis
451 3016 516 3080 illis
538 3016 690 3080 doctrinae
711 3017 871 3097 tenebris,
906 3039 992 3082 nunc
1026 3018 1123 3083 etiam
1153 3017 1238 3082 inter
1265 3017 1329 3082 alia
1350 3017 1402 3082 sic

246 3119 397 3204 patefecit
419 3124 451 3185 et
474 3120 655 3200 illustravit,
679 3125 715 3185 ut
737 3120 819 3186 nihil
842 3123 977 3206 amplius
1000 3122 1141 3187 dubitari
1165 3123 1275 3206 possit,
1300 3143 1402 3207 quam

246 3245 312 3288 rem
336 3229 431 3309 atque
454 3245 620 3310 personam
642 3225 819 3311 designent.
866 3226 926 3293 Sed
955 3232 987 3292 et
1009 3228 1074 3292 vim
1097 3227 1185 3292 illam
1208 3231 1242 3292 et
1263 3227 1401 3311 injurias

246 3333 278 3394 et
308 3331 530 3409 contumelias,
561 3330 675 3415 quibus
705 3332 873 3416 imperium
896 3332 1076 3397 Romanum
1107 3337 1140 3396 et
1173 3333 1402 3418 magistratum

246 3434 353 3500 aDeo
374 3437 604 3515 'constitutum
637 3437 800 3503 asseculis
829 3439 897 3521 jam
927 3439 1049 3522 aliquot
1072 3437 1209 3503 Romani
1231 3437 1402 3522 pontifices

246 3541 428 3619 affecerunt,
454 3542 560 3606 eadem
583 3542 735 3607 vaticinia
756 3542 1036 3626 comprehendunt.
1070 3542 1112 3607 ldt
1134 3546 1171 3607 ut
1193 3543 1318 3608 nullum
1340 3563 1400 3607 ex·

124 3647 142 3680 ⁸
246 3648 329 3709 taret
351 3645 515 3730 scripturae
538 3647 756 3711 testimonium
779 3667 817 3712 ea
839 3647 877 3710 de
907 3667 961 3726 re,
996 3650 1125 3726 tamen,
1160 3648 1188 3712 si
1220 3647 1400 3714 doctrinam

247 3750 387 3834 ipsorum
409 3755 441 3815 et
464 3752 708 3816 constitutiones
732 3755 764 3816 et
787 3751 986 3835 disciplinam
1010 3755 1042 3816 et
1057 3752 1131 3816 ritae
1145 3751 1308 3818 licentiam
1325 3753 1402 3836 quis

247 3855 428 3934 intueatur,
451 3856 520 3921 fieri
543 3877 607 3922 non
630 3861 755 3941 potest,
789 3857 866 3941 quin
891 3860 977 3922 totus
1000 3857 1172 3922 horrescat.
1217 3857 1290 3922 Nisi
1312 3857 1402 3924 enim

246 3963 352 4025 essent
373 3981 392 4023 a
415 3958 481 4026 Deo
504 3962 598 4045 plane
620 3961 729 4046 rejecti
752 3965 784 4026 et
807 3962 971 4041 destituti,
994 3977 1058 4027 non
1081 3963 1265 4028 laberentur
1288 3982 1403 4029 omnes

246 4065 280 4128 in
304 4083 371 4129 eam
395 4067 511 4131 mentis
526 4067 686 4134 vesaniam
701 4072 733 4132 et
745 4067 811 4133 baec
826 4071 917 4133 tanta
933 4071 1061 4152 tamque
1078 4069 1246 4134 manifesta
1261 4069 1399 4156 flagitia.

246 4169 297 4233 Sic
318 4169 403 4233 enim
426 4191 460 4234 se
475 4175 661 4254 comparant
676 4175 744 4236 tota
758 4171 835 4250 vita,
859 4173 958 4256 quasi,
983 4171 1075 4258 [Yij]
1099 4173 1153 4256 qui
1177 4174 1281 4238 locum
1304 4173 1403 4240 illum

246 4279 278 4339 et
299 4273 429 4340 honoris
451 4277 585 4361 gradm
615 4281 723 4357 tenet,
754 4278 839 4343 hunc
868 4284 1013 4362 oporteat
1035 4281 1069 4344 in
1092 4278 1180 4343 omui
1203 4299 1318 4365 genere
1341 4301 1403 4345 ne

247 4378 356 4462 quitiae
379 4377 574 4467 singularem
597 4385 629 4446 et
651 4382 856 4456 excellentem
879 4405 955 4449 ease.
