3058 4946
794 335 836 398 88

234 511 366 576 corum?
389 507 428 572 In
451 531 521 592 quae
544 509 671 594 quidem
697 507 828 572 comitia
850 528 922 571 cum
945 509 1049 571 essent
1072 506 1189 570 intenti
1206 527 1304 590 prope
1319 527 1389 570 onr-

234 638 289 680 nes
311 615 467 690 homines,
491 613 567 678 adeo
590 612 674 678 nihil
689 616 799 676 tamen
816 611 879 675 fuit
894 613 1095 676 emendatum
1111 612 1144 674 in
1164 611 1214 687 iis,
1237 614 1275 673 ut
1291 611 1390 674 etiam

233 719 300 798 illi,
336 719 391 803 qui
421 722 536 803 praeter
565 718 629 780 vim
663 721 696 781 et
724 718 948 783 auctoritatem
982 719 1154 782 humanam
1181 717 1221 781 ad
1245 717 1389 799 disputa·

235 825 338 889 tiones
360 823 444 887 nihil
467 821 632 899 adferunt,
657 823 752 886 initio
774 823 884 886 statim
908 821 1159 906 profiterentur,
1189 843 1222 886 se
1246 842 1310 886 non
1334 821 1390 884 de·

234 929 368 994 crevisse
400 929 567 1013 quicquam
600 927 681 992 velle
712 928 881 991 immutare
914 928 963 989 vel
986 929 1124 990 statuere
1147 926 1258 1002 aliter,
1292 946 1390 1007 quam

233 1033 388 1097 hactenus
412 1032 446 1095 in
469 1053 569 1117 regno
592 1031 756 1115 pontificio
779 1032 891 1096 fuisset
916 1033 1126 1096 observatum.
1166 1029 1258 1095 Hanc
1280 1050 1390 1094 vocem

235 1142 303 1203 tam
334 1136 502 1201 absurdam
532 1139 565 1200 et
592 1136 702 1201 duram
727 1137 865 1219 adeoque
887 1136 1014 1200 tristem
1038 1139 1070 1198 et
1092 1134 1219 1218 plenam
1243 1133 1390 1217 despera-

237 1244 334 1308 tionis
356 1241 560 1326 protulerunt
583 1241 628 1332 ihi
651 1241 791 1327 theologi
816 1246 848 1305 et
868 1239 1046 1325 jurisperiti
1068 1239 1175 1305 vestri.
1223 1237 1258 1302 Si
1274 1241 1391 1322 praeter

238 1350 424 1414 mandatum
447 1351 586 1412 vestrum
610 1351 642 1411 et
663 1370 721 1412 sua
744 1347 880 1431 quadam
904 1349 1026 1430 sponte,
1050 1343 1219 1409 dolendum
1236 1347 1284 1408 est
1303 1365 1389 1422 sane,

237 1459 365 1520 tantum
388 1453 454 1517 illis
477 1453 509 1516 in
535 1473 569 1516 re
592 1456 656 1516 tarn
674 1451 772 1516 ardua
786 1451 936 1536 privatim
953 1451 1056 1515 licere.
1091 1447 1147 1514 Sin
1164 1453 1268 1513 autern
1286 1452 1390 1514 vestro

233 1559 342 1643 jussu,
366 1556 480 1622 videtis
503 1557 563 1640 ipsi
588 1559 782 1640 quantopere
804 1557 924 1621 factum
941 1557 1032 1632 ¹istud
1056 1559 1193 1619 vestrum
1217 1554 1390 1638 degenera-
1469 1622 1484 1652 x

236 1663 280 1726 rit
303 1662 343 1726 ab
365 1661 423 1724 illa
444 1661 657 1745 generositate
680 1662 779 1726 animi
803 1665 835 1726 et
856 1661 1044 1745 prudentia,
1078 1680 1172 1744 quam
1195 1659 1391 1737 ostendistis,

237 1787 300 1850 qno
331 1769 472 1847 tempore
501 1769 533 1829 et
568 1765 683 1830 abusus
717 1766 789 1830 illos
822 1765 1056 1844 intolerabiles,
1085 1784 1217 1828 numero
1251 1767 1392 1850 centum,

239 1869 378 1955 petiistis
401 1869 530 1947 aboleri,
554 1874 586 1934 et
608 1870 703 1934 simul
725 1865 885 1954 pontificis
909 1859 1014 1956 legato
1036 1869 1283 1953 respondebatis,
1308 1869 1392 1932 nibil

239 1998 294 2040 vos
318 1976 352 2039 in
374 1974 549 2040 Lutherum
572 1997 664 2059 posse
686 1976 814 2060 gravius
838 1977 1012 2053 decernere,
1036 1974 1105 2038 ideo
1129 1975 1212 2058 quod
1235 1973 1314 2038 vitia
1336 1974 1393 2039 ille

238 2079 351 2158 multa,
375 2102 445 2163 quae
467 2101 532 2145 non
555 2079 680 2162 possint
702 2078 905 2157 dissimulari,
930 2079 1107 2145 crederetur
1123 2078 1287 2142 detexisse.
1326 2079 1390 2142 Re-

236 2177 345 2268 petite,
369 2206 483 2267 quaeso,
507 2184 691 2248 memoriam
715 2186 781 2267 ejus
804 2185 966 2268 temporis,
991 2188 1023 2248 et
1050 2183 1152 2248 videte
1176 2205 1270 2267 quam
1294 2183 1393 2247 luerit

238 2288 374 2352 illustris
397 2287 464 2353 haec
486 2291 591 2353 vestra
614 2288 777 2352 confessio.
820 2288 964 2353 Manebit
986 2288 1043 2352 illa
1065 2309 1188 2372 semper
1210 2287 1391 2351 litterarum

237 2394 391 2478 impressa
413 2392 645 2469 monumentis,
681 2413 737 2456 nec
759 2392 825 2455 ulla
852 2397 990 2457 vetustas
1014 2413 1083 2456 eam
1106 2391 1233 2455 delebit
1278 2391 1393 2455 Videte

238 2497 430 2582 propiusque
452 2496 658 2573 considerate,
683 2519 828 2579 quaenam
852 2497 918 2560 sint
939 2497 1004 2574 illa,
1033 2517 1103 2579 quae
1126 2500 1202 2559 tum·
1218 2495 1393 2579 cupiebatis

239 2601 429 2685 spontifice
453 2601 503 2664 vel
525 2600 642 2684 corrigi
665 2600 716 2664 vel
739 2601 770 2663 in
795 2600 977 2664 universum
1001 2600 1129 2665 aboleri.
1169 2599 1203 2664 Si
1220 2600 1393 2684 diligenter

237 2705 457 2790 inspiciantur,
481 2705 681 2787 comperietis
705 2704 761 2768 illa
784 2726 927 2770 manasse
949 2728 987 2770 ex
1011 2727 1120 2770 eorum
1143 2705 1281 2783 officina,
1313 2727 1393 2788 quos

237 2809 447 2893 pulcherrime
479 2810 653 2893 depingens
683 2813 715 2873 ct
745 2810 964 2892 pronuntians
1007 2809 1061 2874 ille
1099 2811 1165 2874 veri
1196 2813 1393 2875 monstrator

242 2914 374 2997 spiritus
397 2913 443 2977 ait
466 2913 742 2978 exercitatissimos
759 2935 824 2978 esse
839 2914 873 2976 in
890 2915 977 2977 omni
993 2936 1107 2999 genere
1123 2915 1252 2997 rapinae,
1275 2914 1394 2978 habere

238 3018 344 3083 oculos
366 3016 510 3081 libidinis
533 3022 565 3082 et
587 3017 728 3082 avaritiae
751 3021 856 3096 testes„
881 3040 917 3082 ac
940 3019 974 3083 in
997 3041 1135 3083 errorem
1158 3020 1308 3084 adductos
1331 3019 1391 3082 ho-

237 3123 338 3186 mines
367 3123 525 3189 devorare.
573 3121 636 3186 Gur
651 3122 735 3186 enim
759 3123 919 3186 emendari
944 3123 1087 3187 voluistis
1116 3145 1152 3187 ea
1185 3123 1235 3187 vel
1261 3144 1393 3207 prorsus

239 3227 405 3311 abrogari,
441 3228 504 3291 nisi
538 3227 622 3311 quod
652 3226 783 3306 callide,
813 3227 1078 3312 insi[Fiiij]di0se
1109 3231 1141 3292 et
1170 3249 1263 3292 avare
1286 3250 1305 3291 a
1327 3227 1393 3292 Ro-

238 3331 440 3396 manensibus
473 3333 651 3416 excogitata
682 3337 801 3397 vestras
825 3336 856 3397 et
881 3332 1070 3417 populorum
1092 3337 1269 3398 vestrorum
1291 3331 1394 3397 facul-

238 3440 320 3500 tates
351 3435 573 3515 exhaurirent,
606 3461 642 3503 ac
673 3438 769 3502 nimis
801 3459 917 3523 magna
941 3440 1095 3500 servitute
1118 3459 1171 3501 vos
1194 3438 1393 3522 constringe·

238 3543 335 3606 rent?
372 3541 488 3606 Nonne
511 3541 575 3606 fuit
592 3542 659 3608 baec
676 3565 769 3608 causa
784 3547 896 3608 vestrae
912 3544 1069 3626 querelae?
1102 3543 1177 3607 Fuit
1188 3565 1272 3608 sane.
1314 3541 1393 3607 Cum

239 3649 346 3712 autem
369 3669 406 3711 ea
428 3647 550 3731 primus
573 3649 716 3713 omniurn
748 3648 897 3713 indicarit
918 3647 1096 3724 Lutherus,
1130 3648 1394 3732 quemadmodum

807 3771 824 3809 ἢ

239 3856 430 3935 schwernlls,
455 3880 495 3922 an
520 3859 553 3922 in
578 3859 651 3942 (den
673 3859 861 3942 Endchrist)
885 3858 967 3923 thdn
989 3859 1131 3945 langen,
1157 3857 1218 3921 mit
1239 3856 1394 3942 fleissiger

239 3962 313 4041 bitt,
337 3963 387 4029 die
409 3963 518 4029 selben
541 3965 742 4029 abzdstellen.
789 3963 876 4029 Acht
896 3965 946 4048 jar
970 3964 1119 4041 darnach,
1143 3967 1182 4028 zd
1205 3961 1389 4047 Augspurg,

240 4067 280 4131 da
295 4065 489 4133 Keiserliche
504 4068 652 4133 Maiestat
675 4069 747 4153 [58]
763 4069 845 4133 selbs
862 4071 922 4133 mit
938 4069 1021 4134 allen
1038 4066 1177 4132 Stenden
1194 4067 1247 4130 des
1264 4063 1390 4141 Reichs,

240 4171 276 4235 in
298 4192 423 4258 grosser
446 4171 652 4238 mercklicher
676 4173 766 4238 anaal
789 4173 991 4250 erachinnen,
1014 4171 1082 4236 auff
1102 4170 1218 4236 welche
1235 4169 1396 4234 beilrunfft

239 4277 304 4342 und
327 4277 530 4362 versarnlung
552 4278 723 4361 yederman
745 4278 812 4344 sich
837 4278 982 4344 hochlich
1005 4280 1192 4353 vertriistet,
1224 4276 1279 4338 der
1310 4274 1394 4338 hoff·

240 4403 347 4468 nung,
382 4405 414 4446 es
447 4381 526 4444 solte
557 4384 654 4444 etwas
688 4386 822 4445 erbrtert
846 4383 988 4446 werden:
1024 4380 1071 4446 als
1094 4403 1127 4444 es
1150 4384 1205 4444 adr
1227 4378 1394 4465 handlnng
