3058 4946
749 317 809 380 126

199 486 233 550 in
256 491 384 570 aspectu
411 490 442 550 et
469 485 568 552 oculis
591 487 735 551 omnium
759 488 934 566 hominum,
959 490 1098 556 fastuose
1119 492 1352 576 pronuntiavit,

199 611 232 654 se
255 589 407 655 Caesarem
440 589 534 654 simul
563 597 596 656 et
628 592 811 676 pontificem
842 616 916 658 esse.
963 595 1049 659 Tuus
1072 598 1187 675 etiam,
1211 595 1355 661 Joannes

199 694 375 773 Friderice,
415 700 567 780 patruus,
601 696 744 762 Saroniae
777 699 840 763 dux
875 699 1072 778 Fridericns,
1106 705 1138 765 et
1172 706 1244 786 post
1279 723 1354 765 enm

199 821 312 883 parens
346 805 439 878 tuus,
474 801 634 866 intellexit
667 823 730 866 non
763 803 914 881 obscure,
949 805 1091 889 cogitare
1124 807 1225 888 ipsos,
1259 806 1353 883 illud,

199 906 282 987 quod
305 905 369 968 ruis
394 905 594 971 inseruerunt
624 906 795 991 aliquando
828 908 960 972 decretis
995 913 1027 972 et
1058 911 1353 988 constitutionibus,

199 1009 354 1092 perficere.
414 1009 504 1076 Pleni
543 1016 619 1077 sunt
651 1014 952 1096 jurisconsultorum
992 1017 1227 1099 pontificiorum
1263 1017 1354 1095 libri,

199 1115 300 1198 plcnae
330 1121 406 1181 sunt
428 1117 582 1200 ejusmodi
605 1139 785 1184 sermonum
808 1125 841 1184 et
866 1121 1161 1185 interminationum
1184 1121 1352 1185 contiones

198 1219 349 1303 ipsorum.
381 1221 511 1287 Habent
533 1223 593 1288 hoc
615 1223 663 1287 illi
688 1246 751 1288 non
775 1225 821 1289 ita
844 1225 965 1308 pridem
986 1227 1089 1290 emissi
1107 1227 1223 1310 dialogi
1240 1229 1355 1290 nostra

200 1327 324 1411 vulgari
355 1329 526 1412 conscripti
559 1329 691 1414 lingua,
727 1352 805 1414 quos
835 1353 873 1395 er
901 1331 991 1395 robis
1022 1331 1151 1414 quidam
1180 1329 1353 1415 magnifice

200 1431 372 1514 praedicant
394 1434 487 1498 editis
511 1435 607 1499 etiam
630 1435 756 1500 libellis.

286 1535 362 1600 Haec
385 1539 492 1602 omnia
514 1541 605 1603 norit
627 1540 698 1619 illo,
732 1545 764 1604 et
795 1541 870 1624 quid
892 1562 1022 1605 snomm
1046 1541 1200 1622 majorum
1223 1541 1352 1603 decreta

200 1641 403 1724 praeoipiant,
437 1663 501 1706 non
531 1643 678 1728 ignorat3
713 1651 745 1708 et
767 1647 917 1727 qnoniam
952 1649 956 1728 l
991 1643 1164 1709 utilitatem
1188 1645 1350 1729 insignem

198 1743 327 1822 habent,
351 1767 423 1810 curn
446 1746 485 1810 ad
507 1749 729 1830 pontificatum
746 1749 936 1827 admittitur,
956 1749 1160 1834 jurejurando
1177 1749 1352 1832 promittit,

200 1871 236 1914 ea
259 1872 292 1913 se
315 1851 486 1936 diligenter
514 1853 762 1918 observaturum.
808 1853 842 1918 Si
872 1855 1051 1918 dissimulat
1082 1853 1195 1931 hodie,
1227 1853 1253 1916 si
1283 1874 1351 1917 non

197 1957 265 2018 tam
287 1952 470 2036 frequenter
494 1954 613 2040 allegat
636 1956 692 2021 illa
714 1957 857 2036 fortasse,
882 1979 977 2042 qnam
1000 1960 1066 2022 tres
1090 1957 1157 2035 illi,
1188 1957 1241 2039 qui
1273 1977 1351 2039 pro-

198 2061 282 2126 xime
304 2060 410 2144 ipsum
432 2064 685 2140 antecesserunt,
719 2061 799 2127 facit
828 2062 907 2140 hoc,
943 2061 1140 2146 temporibus
1163 2061 1352 2140 inserviens,

198 2165 330 2232 callidus
353 2165 439 2232 enim
463 2168 511 2229 est
531 2168 704 2244 veterator,
739 2167 792 2230 sed
816 2167 944 2231 dubium
968 2171 1121 2242 nonest,
1153 2164 1230 2248 quin
1253 2164 1352 2229 vehe-

196 2271 393 2336 mentissime
415 2271 538 2355 cupiat,
569 2269 649 2336 illud
680 2292 713 2334 se
736 2293 827 2354 posse
850 2271 1020 2348 conficere,
1053 2271 1136 2354 quod
1159 2275 1192 2335 et
1213 2269 1352 2352 majores

197 2376 297 2460 ipsius
326 2375 579 2452 constituerunt,
613 2379 645 2439 et
675 2376 758 2458 quod
788 2376 854 2461 ipse
882 2377 1076 2460 praecipuum
1100 2396 1166 2440 esse
1188 2375 1273 2440 videt
1296 2395 1351 2436 re-

103 2460 116 2490 *
196 2481 335 2545 tinendae
357 2501 420 2544 suae
442 2480 609 2565 dignitatis
632 2479 915 2566 propugnaculum.
962 2479 1007 2544 Ut
1036 2487 1142 2545 autem
1171 2478 1353 2564 quodvult

196 2587 429 2667 consequatur,
466 2584 691 2649 difficillimum
723 2607 789 2651 esse
820 2587 926 2664 videt,
960 2607 997 2649 ac
1026 2584 1159 2664 fortasse
1192 2584 1351 2668 desperat,

198 2690 295 2754 aliam
317 2690 424 2773 itaque
446 2690 529 2754 viam
552 2691 750 2775 ingreditur:
781 2691 946 2755 exacerbet
967 2691 1099 2768 animos,
1124 2691 1183 2754 alit
1204 2688 1350 2768 dissidia,

197 2816 253 2859 nec
276 2795 309 2858 in
321 2795 559 2878 ·eo'quicquam
581 2795 817 2878 praetermittit3
841 2796 888 2859 ita
910 2795 1054 2860 futurum
1071 2799 1187 2880 sperat,
1210 2806 1246 2858 ut
1262 2795 1352 2876 quod

196 2898 228 2961 vi
250 2898 374 2982 assequi
396 2919 459 2962 non
483 2902 598 2981 potest,
623 2903 691 2962 arte
707 2899 850 2981 perficiat
865 2905 897 2964 et
912 2898 1046 2977 insidiis,
1071 2900 1143 2962 dum
1162 2919 1198 2961 eo
1214 2901 1350 2980 spectat,

197 3008 232 3068 ut
255 3003 435 3081 Germania,
459 3003 605 3068 civilibus
636 3025 788 3068 concussa
811 3003 920 3081 bellis,
955 3003 1052 3067 robur
1082 3008 1115 3067 et
1145 3002 1349 3087 splendorem

196 3129 321 3174 omnem
353 3109 489 3173 amittat.
544 3108 673 3172 Summa
706 3108 806 3192 igitur
839 3108 1006 3192 diligentia
1037 3107 1264 3191 providendum
1298 3113 1354 3169 est

194 3213 302 3292 vobis,
335 3213 544 3277 illustrissimi
567 3212 730 3296 Principes
761 3233 797 3276 ac
819 3210 974 3290 Ordines,
1009 3234 1049 3276 ne
1079 3233 1174 3294 qnam
1205 3211 1231 3275 ei
1256 3214 1353 3294 pate-

195 3317 318 3382 faciatis
341 3319 527 3402 ampliorem
550 3318 655 3395 viam,
690 3318 729 3381 ad
759 3339 812 3381 vos
847 3317 1044 3401 penetrandi.
1091 3317 1215 3381 Videtis
1246 3316 1278 3378 in
1309 3336 1352 3378 eo

193 3423 456 3505 patientissimum
480 3423 659 3506 tyrannidis
681 3422 850 3506 exemplar.
897 3421 1028 3486 Duabus
1055 3424 1186 3486 omnino
1209 3421 1348 3485 rationi-

194 3528 262 3605 bus,
286 3527 352 3590 fere
375 3527 559 3604 contrariis,
591 3529 724 3612 gradum
755 3531 851 3609 atque
874 3526 976 3590 locum
997 3548 1091 3610 suurn
1114 3527 1244 3611 tyranni
1267 3547 1349 3588 con-

193 3636 331 3696 servant.
377 3628 466 3693 Inest
500 3635 606 3694 autem
639 3632 672 3694 in
704 3636 837 3713 utraque
869 3637 902 3694 et
933 3630 1023 3694 dolus
1056 3635 1089 3694 et
1121 3629 1283 3694 simulatio
1313 3635 1351 3694 et

194 3734 327 3799 malitia.
365 3733 449 3798 Nam
473 3736 505 3798 et
528 3735 722 3818 potentiores
745 3735 865 3797 vicinos
888 3739 983 3816 atquc
1005 3735 1088 3799 cives
1111 3734 1289 3810 debilitant,
1314 3741 1353 3798 et

194 3838 403 3922 prudentibus
425 3838 627 3917 insidiantur,
652 3843 684 3901 et
705 3860 832 3922 operam
847 3839 934 3914 dant,
958 3860 997 3901 ne
1020 3845 1104 3902 recte
1127 3838 1269 3903 homines
1292 3838 1348 3901 in-

192 3945 377 4022 stituantur,
401 3949 434 4008 et
455 3943 608 4008 factiones
633 3945 739 4020 alunt,
773 3947 804 4008 et
827 3943 951 4027 plebem
973 3965 1044 4008 cum
1067 3946 1235 4008 nobilitate
1259 3965 1350 4007 conr·

191 4051 335 4130 mittunt,
359 4057 391 4114 et
412 4051 568 4114 amicitias
591 4050 756 4127 dirimunt,
779 4056 812 4114 et
833 4049 929 4113 uariis
953 4049 1090 4134 negotiis
1113 4052 1261 4113 exercent
1286 4069 1348 4131 po-

190 4156 318 4238 pulum,
356 4177 394 4219 oe
428 4155 658 4239 tem[Kiij]pus
691 4159 724 4219 et
754 4155 854 4218 otium
891 4153 1004 4218 babeat
1026 4155 1157 4218 ineundi
1180 4155 1352 4219 adversum

191 4259 276 4342 ipsos
299 4261 450 4337 consilia3
475 4261 602 4338 deinde,
634 4266 671 4324 ut
694 4282 790 4344 quam
813 4259 954 4343 proxime
976 4260 1144 4325 videantur
1167 4261 1207 4324 ad
1238 4259 1352 4343 legiti-

189 4383 276 4428 mum
299 4368 330 4428 et
353 4365 476 4450 regium
499 4365 697 4430 dominatum
719 4365 872 4445 accedere,
894 4387 961 4450 prae
983 4366 1164 4443 scierunt,
1195 4363 1353 4447 quicquid
