3172 4962
691 345 753 412 148

132 517 317 603 fustigatus
339 518 401 584 eris
425 517 637 585 vehementer.
683 515 742 582 Oui
763 537 870 584 arcus:
901 538 966 582 non
996 517 1076 584 bene
1102 519 1226 584 locutus
1249 541 1293 596 ea,

132 623 253 702 frater,
275 643 341 691 non
364 621 450 690 enim
471 623 556 689 viam
578 627 667 690 tuam
690 622 843 708 impedire
865 643 1019 708 procuro,
1057 629 1187 708 propter
1209 624 1293 708 quod

135 727 176 794 in
200 728 252 794 die
274 749 325 794 me
346 729 490 794 ostendo.
536 728 585 794 Tu
608 749 682 794 vero
703 749 827 812 semper
855 727 890 792 in
922 733 1015 792 nocte
1037 731 1214 813 precurris.
1259 727 1295 793 Si

137 854 266 902 mecum
289 834 432 918 proeliari
454 834 554 918 cupis,
576 834 660 900 male
681 835 854 900 meditatus
877 854 909 898 es
930 833 972 897 ob
987 832 1063 912 haec,
1087 834 1162 917 quia
1176 855 1294 918 magna

105 956 121 994 ⁵
142 939 279 1004 societas
301 937 466 1006 stellarum
489 943 593 1004 tecum
615 943 767 1013 moratur,
793 959 914 1004 mecum
937 941 1042 1002 eutem
1065 939 1165 1004 nubes
1189 942 1222 1002 et
1243 942 1294 1002 to-

141 1044 255 1108 nitrus
275 1047 352 1108 sunt
373 1047 485 1110 contm
507 1046 539 1108 te
567 1046 764 1128 pugnaturo,
796 1041 851 1106 sed
880 1042 1029 1120 consulo,
1059 1047 1096 1107 ut
1125 1065 1233 1108 eamus
1255 1043 1296 1108 ad

137 1146 279 1231 judicem
299 1147 438 1230 justum,
468 1151 505 1212 ut
527 1147 700 1214 terminare
722 1169 779 1232 per
800 1149 992 1212 sententiam
1016 1148 1121 1213 valeat
1143 1149 1294 1233 quaestio-

144 1272 218 1318 nem
240 1254 338 1316 tuem.
383 1248 523 1334 &imque
545 1251 639 1316 simul
662 1251 894 1334 ente.judioem
910 1251 1035 1317 adirent
1058 1257 1091 1316 et
1105 1251 1172 1317 hee
1187 1251 1295 1326 omnia

144 1354 310 1433 referrent,
332 1354 380 1420 ait
397 1353 515 1438 judex:
539 1377 651 1422 cancer
673 1356 792 1440 inique,
814 1361 926 1422 contm
945 1357 998 1440 jus
1020 1358 1174 1439 estquod
1196 1356 1295 1440 petis3

97 1459 172 1524 1⁰si
194 1462 232 1524 tu
255 1463 380 1524 tentum
404 1461 436 1524 in
461 1463 553 1526 nocte
575 1461 699 1544 pergis,
731 1465 764 1526 et
785 1482 875 1526 arcus
906 1462 939 1526 in
963 1461 1030 1539 die,
1063 1461 1219 1545 quomodo
1247 1465 1297 1524 eat

145 1563 352 1642 credendum,
385 1563 469 1647 quod
489 1564 571 1630 viam
595 1569 683 1630 tuem
706 1566 858 1648 impedire
879 1567 1006 1649 possit?
1038 1566 1161 1632 Idcirco
1184 1569 1295 1630 contra

145 1672 177 1733 te
199 1667 392 1734 sententiam
414 1668 551 1752 profero,
574 1671 656 1754 quod
680 1693 844 1755 nunquam
866 1671 899 1736 in
923 1671 974 1737 die
988 1693 1140 1757 appareas
1164 1675 1196 1736 et
1211 1668 1296 1752 qnod

145 1773 180 1837 in
203 1772 348 1856 expensis
370 1773 413 1837 sis
435 1773 671 1840 condemnatus.
718 1772 836 1838 Cancer
859 1775 926 1840 haeo
955 1776 1085 1840 audiens
1108 1774 1234 1842 erubuit
1263 1777 1297 1840 et

146 1877 245 1942 dixit:
280 1878 335 1962 qui
367 1879 503 1961 requirit
536 1880 757 1964 questionem,
793 1879 855 1944 sibi
886 1879 942 1945 dat
971 1878 1197 1946 confusionem.
1242 1877 1295 1944 Sic

107 2002 136 2041 1⁶
149 1984 235 2050 enim
259 1981 353 2050 multi
375 1987 486 2050 contra
504 1984 557 2066 jus
581 1983 759 2068 aliquando,
775 1985 908 2067 cupiunt
929 1984 1072 2049 altricari
1096 1989 1129 2048 et
1150 1983 1219 2048 sine
1241 2003 1295 2048 oc·

147 2087 274 2156 cesione
296 2087 424 2173 litigare
446 2091 572 2152 etcum
594 2088 665 2152 aliis
689 2087 910 2172 quaestionari,
941 2092 1134 2172 quapropter
1156 2087 1296 2172 perversi

147 2195 180 2257 et
210 2191 288 2258 meli
319 2192 483 2275 dijudicati
513 2192 736 2276 snbjiciuntur.
782 2191 875 2258 Unde
900 2191 1143 2258 Proverbiorum
1172 2190 1293 2256 decimo

146 2301 252 2364 sexto:
274 2296 369 2362 homo
391 2315 556 2380 perversus
578 2297 711 2362 suscitet
733 2297 807 2364 lites
830 2302 862 2361 et
885 2295 1033 2360 verbosus
1055 2301 1181 2380 separat
1203 2296 1294 2378 prin·
1428 2313 1430 2318 “

147 2401 242 2485 cipes.
287 2399 416 2484 Semper
436 2400 544 2485 jurgia
574 2401 689 2483 quaerit
715 2401 826 2466 melus.
872 2399 975 2466 Malus
999 2401 1130 2484 angelus
1161 2405 1193 2463 et
1222 2421 1295 2463 cru-

108 2523 135 2562 20
149 2506 228 2572 delis
251 2506 392 2570 mittitur
414 2509 526 2570 contra
546 2527 629 2584 eum,
653 2510 782 2590 propter
797 2504 986 2588 questiones
1009 2505 1095 2568 enim
1117 2507 1150 2568 et
1164 2508 1296 2568 eonten-

148 2613 252 2678 tiones
274 2610 369 2675 multi
390 2609 431 2674 ud
453 2609 592 2676 nihilum
615 2615 691 2676 sunt
714 2610 844 2676 redacti.
891 2609 983 2676 Unde
1006 2607 1179 2675 Ysidorus:
1211 2609 1294 2676 sicut

149 2715 315 2780 concordia
336 2719 519 2780 mnatruere
541 2714 631 2792 solet,
655 2715 701 2780 ita
722 2715 886 2780 contentio
910 2716 943 2780 et
965 2713 1121 2780 discordie
1145 2713 1291 2779 destruit

149 2819 249 2886 Bede:
288 2819 513 2885 discordiosas
536 2821 681 2884 maxima·
703 2819 897 2884 dilabuntur.
945 2819 1081 2897 Quidam
1108 2818 1293 2903 paterfami-

148 2925 209 2990 lias
231 2923 344 2989 habuit
367 2927 432 2988 tres
453 2923 555 3002 filios,
586 2925 641 3007 qui
667 2924 806 2990 moriens
828 2925 953 2992 vocavit
975 2945 1027 2990 eos
1050 2925 1090 2990 ed
1113 2946 1147 2988 se
1168 2924 1291 2988 disens:

109 3047 136 3085 π
149 3030 274 3115 prodite
304 3028 384 3094 mihi
417 3029 557 3114 virgulas
585 3029 703 3094 multes
729 3028 824 3094 dmul
857 3029 1033 3114 colligatas.
1079 3029 1158 3094 Cum
1188 3033 1294 3094 nutem

151 3137 327 3218 apportata
353 3133 504 3214 fuissent,
536 3133 618 3198 dixit
650 3133 715 3198 eis:
746 3133 863 3217 plicato
894 3155 945 3200 eas
974 3139 1007 3198 et
1036 3134 1186 3218 frangite.
1233 3131 1296 3208 Qui

150 3238 405 3304 convaluerunt
436 3260 473 3302 eo
502 3238 587 3322 quod
608 3238 705 3302 simul
727 3259 875 3302 connexae
897 3243 997 3303 erunt
1044 3238 1167 3315 Quibus
1190 3241 1298 3322 peter:

151 3343 309 3410 extrahite
331 3365 428 3408 unum
458 3346 491 3409 et
520 3343 599 3409 alias
622 3343 843 3428 confringatis.
888 3341 948 3418 Qui
972 3344 1091 3428 plicare
1107 3344 1297 3426 potuerunt,

151 3448 204 3514 sed
225 3447 357 3514 minime
386 3448 625 3532 interrumpere.
672 3447 792 3512 lterum
822 3451 913 3532 peter
944 3448 1066 3531 inquit:
1100 3469 1197 3513 unam
1226 3449 1301 3509 ten·

112 3573 138 3610 ⁸0
152 3553 315 3618 tummodo
337 3553 438 3618 solem
461 3553 611 3637 probetis,
635 3575 704 3639 qnae
724 3554 834 3620 statim
851 3553 996 3638 disrupte
1010 3556 1060 3618 est
1082 3555 1114 3616 et
1130 3550 1302 3616 confracta.

153 3657 274 3724 Idcirco
297 3657 380 3721 dixit
400 3656 493 3722 filiis:
528 3659 574 3722 eie
595 3659 657 3724 erit
688 3659 726 3723 de
748 3658 857 3737 vobis,
888 3659 914 3724 si
943 3657 1037 3722 simul
1069 3657 1104 3720 in
1135 3655 1302 3720 concordia

152 3761 345 3838 manseritis,
367 3763 475 3828 nullus
497 3767 615 3842 terrere
638 3785 739 3847 neque
761 3761 908 3848 frangere
923 3781 978 3827 ros
994 3762 1122 3846 poterit,
1149 3761 1175 3824 si
1191 3763 1298 3824 antem

153 3889 209 3953 per
232 3865 420 3932 discordiam
443 3867 581 3950 reparati
603 3867 738 3946 fueritis,
761 3866 898 3951 quilibet
921 3887 975 3931 vos
998 3865 1153 3930 dilaniare
1174 3885 1211 3928 ec
1225 3885 1301 3947 sup-

154 3970 296 4058 peditare
318 3970 446 4036 valebit.

115 4169 140 4208 ss
451 4145 505 4210 De
527 4146 631 4212 coelo
653 4150 693 4212 et
715 4149 854 4224 terra,
877 4144 951 4212 dial.
976 4149 1005 4210 6.

241 4287 340 4354 Terra
367 4294 415 4354 est
445 4288 618 4352 secundnm
648 4285 872 4370 philosophum
897 4285 1110 4352 meditullium
1138 4284 1250 4350 mirndi
1272 4288 1305 4349 et

156 4393 316 4462 fruetuum
339 4397 453 4474 eudes,
480 4391 663 4478 operculum
685 4390 822 4472 inferni,
844 4391 954 4458 nutrix
978 4389 1173 4471 virentium,
1203 4393 1306 4458 mater
