3172 4958
845 333 887 397 60

590 504 646 571 De
669 505 794 590 spina
816 509 857 570 et
879 504 984 585 ficu,
1006 525 1073 588 cap.
1096 507 1147 570 23.

383 646 483 732 Spina
503 647 612 712 floruit
634 651 667 712 et
689 646 766 710 ficus
790 649 864 709 ante
887 667 955 710 eam
978 644 1105 710 frondes
1128 669 1201 712 suos
1228 669 1356 734 grossos
1372 670 1452 732 pro-

296 751 396 818 duxit.
443 751 501 816 cai
523 773 597 816 mox
620 749 793 815 tumefacta
816 772 853 814 ex
875 750 1006 815 floribus
1027 750 1122 834 spina
1141 751 1240 816 dixit:
1272 753 1368 833 ficus,
1393 752 1452 816 ubi

297 860 373 920 sunt
394 855 486 920 flores
509 855 582 920 tui?
606 855 658 919 'At
689 855 747 920 illa
779 855 958 940 respondit:
988 855 1099 939 spina,
1131 855 1187 919 ubi
1217 861 1292 920 suut
1323 857 1451 922 fructus

269 961 366 1024 atui?
388 960 431 1025 Et
453 961 559 1044 spina:
583 982 647 1026 non
671 961 757 1024 dedit
779 960 859 1024 mihi
881 964 996 1024 natura
1018 958 1149 1025 fructus.
1196 959 1264 1026 Nec
1286 961 1368 1026 mihi
1391 962 1451 1026 ad-

296 1065 376 1130 didit
407 1065 513 1142 fiores,
541 1065 617 1130 ficus
647 1065 703 1130 ait.
748 1063 809 1129 Sed
837 1085 908 1128 cum
939 1064 997 1128 dos
1034 1063 1194 1129 derivetur
1230 1066 1264 1129 in
1296 1065 1450 1144 fructum,

176 1233 180 1242 ,
295 1172 408 1236 melius
431 1175 480 1236 est
502 1171 571 1235 sine
591 1170 668 1236 flore
690 1170 831 1236 fructum
855 1169 1041 1255 producere,
1074 1193 1170 1254 quam
1194 1171 1299 1237 fructu
1321 1173 1452 1257 privato

294 1276 413 1343 florem.
459 1277 613 1340 Attamen
636 1275 798 1359 quianon
820 1275 925 1353 floren,
949 1295 1079 1360 germen
1096 1276 1319 1342 suavissimum
1336 1277 1450 1362 gigno,

295 1402 432 1464 namque
454 1361 561 1464 palma
582 1381 645 1444 mel
669 1403 760 1446 suum
782 1403 846 1445 non
869 1380 1033 1448 effundens
1055 1380 1088 1444 in
1111 1380 1241 1446 floribus
1264 1382 1350 1466 parit
1371 1381 1452 1446 hinc

257 1506 282 1544 ro
296 1485 481 1550 mellifluum
499 1485 670 1570 dactylum,
694 1489 727 1550 et
749 1507 851 1551 canna
872 1485 995 1563 mellea,
1020 1485 1094 1568 quia
1115 1484 1207 1550 flores
1230 1507 1295 1550 non
1319 1485 1448 1562 detulit,

295 1591 340 1654 sic
377 1593 479 1655 totam
516 1589 640 1656 fructus
672 1591 869 1656 dulcedinem
905 1591 992 1655 intra
1021 1594 1121 1656 semet
1153 1591 1257 1674 ipsam
1292 1590 1447 1656 recondit.

297 1694 380 1771 Quid
403 1716 478 1780 ergo
502 1694 539 1760 de
568 1697 755 1780 apparentia
785 1698 953 1762 contrariae
985 1695 1159 1760 existentia
1189 1695 1360 1781 gloriaris?
1391 1692 1450 1758 Se·

294 1797 462 1884 pulchrum
486 1799 613 1884 quidem
635 1804 726 1864 extra
746 1799 884 1865 flosculis
907 1801 1073 1885 pingitur,
1109 1803 1142 1864 et
1169 1801 1257 1864 intus
1280 1803 1329 1864 est
1353 1821 1450 1883 spur-

295 1902 371 1968 citia
393 1903 505 1967 mortis
528 1905 667 1987 plenum.
713 1904 957 1971 Exacontclicus
989 1906 1071 1989 lapis
1102 1903 1155 1969 hic
1184 1905 1333 1969 tantillus
1365 1904 1450 1968 mira

258 2027 283 2066 rr
298 2007 391 2071 floret
414 2007 618 2073 distinctione
641 2010 781 2075 colorum
804 2015 836 2074 et
859 2032 930 2076 cum
953 2009 1159 2076 delectatione
1181 2009 1368 2092 inspicitur,
1393 2030 1447 2072 oc-

295 2111 389 2177 cultae
410 2111 549 2176 laesionis
572 2113 681 2179 aculeo
702 2136 848 2200 pungens
871 2116 1043 2180 tremulum
1077 2113 1160 2179 oculi
1190 2113 1269 2178 facit
1298 2135 1444 2180 nervum.

295 2215 355 2281 sed
385 2238 424 2281 ex
453 2217 657 2283 obscuritatis
691 2218 775 2284 nube
808 2220 956 2305 saphirus
990 2224 1039 2284 est
1070 2219 1209 2306 optimus
1243 2223 1276 2284 et
1308 2219 1364 2303 qui
1399 2222 1448 2282 est
1532 2277 1536 2282 .

294 2321 498 2407 splendidior,
522 2323 668 2388 venditus
683 2323 768 2389 valet
782 2325 897 2389 minus.
943 2323 1076 2410 Onycha
1098 2345 1224 2410 gemma
1245 2325 1340 2408 nigra
1362 2323 1446 2388 alba

295 2427 492 2512 praeponitur
515 2428 640 2493 ethius
669 2429 752 2513 lapis
779 2433 899 2514 quanto
930 2430 1002 2514 plus
1033 2428 1187 2514 pallidus,
1220 2432 1312 2494 tanto
1342 2429 1449 2513 magis

255 2552 281 2592 a
294 2532 460 2616 pretiosus.
514 2531 628 2617 Itaque
663 2556 769 2598 rerum
806 2535 876 2620 ipsa
912 2534 1068 2599 mirabilis
1106 2533 1293 2598 fabricatrix
1330 2537 1448 2598 natura

295 2637 391 2701 etiam
408 2637 442 2702 in
456 2637 521 2700 suis
531 2638 679 2722 operibus
694 2641 912 2722 apparentiam
929 2640 1068 2704 damnat.
1098 2637 1142 2704 Ut
1158 2637 1234 2723 quid
1247 2638 1346 2723 igitur
1362 2638 1448 2703 visus

294 2740 409 2824 cupida
441 2741 559 2826 gaudes
589 2743 733 2807 totaliter
766 2765 832 2809 esse
862 2744 974 2810 dorida
1006 2746 1148 2828 pompa?
1187 2743 1327 2807 Attende
1360 2743 1448 2826 quod

293 2866 405 2909 aurum
417 2845 451 2909 in
470 2845 604 2912 internis
621 2849 761 2913 nascitur
776 2847 919 2914 latibulis
935 2853 968 2914 et
982 2849 1157 2934 margarita
1173 2870 1259 2913 rores
1275 2847 1399 2912 eoelitus
1410 2847 1447 2911 in

293 2949 423 3014 occultis
434 2953 609 3015 ostrearum
624 2953 750 3018 conchis
763 2954 956 3038 gemmescit.
988 2952 1092 3018 Homo
1105 2954 1138 3018 in
1155 2953 1306 3017 maternis
1318 2951 1446 3016 visceri-

255 3073 280 3114 ει
294 3054 353 3118 bus
368 3055 470 3119 oritur
484 3059 517 3120 et
531 3076 636 3120 rerum
659 3058 838 3123 substantia
860 3080 923 3123 non
947 3059 1080 3124 videtur.
1126 3057 1174 3122 De
1197 3057 1363 3123 occultatis
1385 3057 1447 3121 sub

293 3164 379 3224 terra
401 3159 531 3225 vitalem
553 3183 678 3226 succum
703 3163 804 3227 trahit
827 3163 921 3228 arbor
943 3163 1101 3228 radicibus
1134 3168 1166 3227 et
1195 3161 1342 3226 humanae
1369 3161 1446 3225 vitea

295 3264 372 3330 latet
386 3265 421 3329 in
438 3266 620 3349 praecordiis
642 3265 895 3344 fundamentum,
920 3268 1068 3350 quoniam
1092 3266 1189 3331 etiam
1211 3265 1446 3349 pretiosissima

293 3392 423 3455 quaeque
446 3392 575 3435 summae
600 3375 722 3437 naturae
744 3372 920 3436 invisibilia
942 3377 1026 3438 sunt.
1074 3371 1157 3449 Quid
1186 3371 1300 3454 plura?
1338 3369 1445 3454 Magis

293 3479 378 3540 certe
401 3475 521 3561 gaudeo
553 3497 620 3540 esse
649 3476 816 3542 fructifera
838 3477 907 3541 sine
930 3477 1007 3542 flore
1030 3475 1126 3561 quam
1149 3476 1241 3560 spina
1263 3497 1335 3540 cum
1357 3475 1447 3540 flore.

254 3600 280 3640 eo
294 3579 415 3655 Quibus
438 3579 530 3644 dictis
553 3602 738 3666 pomposam
762 3581 915 3648 confudit.

345 3787 509 3854 Contra
530 3811 747 3874 pomposas
770 3813 817 3855 ex
839 3790 1132 3876 magnitudine
1154 3790 1399 3874 gratiarum

473 3947 529 4012 De
550 3946 816 4012 firmamento
839 3952 879 4013 et
901 3946 1101 4026 Saturno,
1125 3969 1192 4032 cap.
1219 3951 1271 4013 24.

382 4069 530 4136 Fixarum
553 4070 717 4135 stellarum
734 4069 848 4153 sphera
870 4069 1071 4154 gloriabatur
1093 4069 1131 4133 de
1154 4069 1352 4134 maximitate
1375 4092 1447 4136 cor-

294 4175 381 4262 poris
404 4181 436 4241 et
458 4175 675 4241 inaestimabili
697 4174 863 4241 velocitate
885 4179 990 4240 motus
1014 4174 1224 4260 rapidissimi,
1263 4175 1449 4260 granditate
1531 4191 1536 4196 '

255 4299 281 4338 a
294 4279 482 4346 universalis
505 4279 634 4344 virtutis
665 4283 697 4346 et
726 4279 933 4347 multitudine
962 4281 1041 4347 astri
1063 4279 1207 4366 possessi.
1254 4276 1350 4364 Cujus
1373 4281 1449 4364 qui-

294 4385 366 4452 dem
389 4407 537 4472 pompam
559 4383 715 4453 Saturnus
746 4385 930 4472 intelligens
958 4385 1006 4452 ita
1035 4385 1065 4451 ei
1094 4383 1196 4452 fertur
1229 4383 1360 4451 dixisse:
1393 4385 1448 4451 ni-
