3074 4952
835 287 899 350 280

293 461 510 548 litigatoribus
533 459 599 524 suis
614 481 679 523 non
695 461 823 522 careant
846 458 931 542 (quis
953 459 1038 524 enim
1062 460 1210 525 omnibus
1232 461 1364 544 placeat,
1386 463 1433 524 aut

294 571 389 633 etiam
414 589 446 631 se
469 587 587 650 suaque
610 565 733 648 placere
754 568 843 648 optet
853 565 882 648 1)
917 567 1024 628 tamen
1048 564 1150 628 abiis
1174 567 1229 649 qui
1251 569 1337 630 recte
1361 564 1434 630 sinc·

295 693 356 757 que
367 670 558 757 praeiudicio
574 668 724 745 iudicant,
748 667 888 751 plurimi,
913 669 958 732 ite
973 671 1010 732 nt
1027 673 1197 747 merentur,
1221 671 1292 734 fieri
1308 671 1433 735 constat.

295 777 340 841 Te
363 797 504 860 quoque,
529 771 717 838 amicissime
740 771 911 850 Meibomi,
935 771 1019 835 inter
1042 794 1093 836 eos
1116 795 1182 837 esse
1206 775 1297 852 novi,
1332 773 1435 857 quibus

294 881 347 946 hic
368 903 473 946 rerum
490 879 748 944 Germanicarum
772 877 977 962 gravissimus
1000 881 1031 940 et
1053 878 1254 944 fidelissimus
1278 882 1388 944 auctor
1408 877 1434 940 in

294 987 400 1071 precio
423 991 456 1050 et
479 988 514 1050 in
536 985 656 1049 deliciis
679 983 825 1047 habetur.
870 983 1071 1067 Argumento
1094 985 1144 1048 rel
1176 984 1238 1050 hoc
1268 987 1334 1061 est,
1365 979 1438 1064 quod

295 1093 362 1156 eius
384 1091 528 1156 libellum
552 1090 590 1154 de
613 1093 750 1172 quatuor
773 1089 905 1152 summis
929 1089 1071 1172 imperiis
1095 1088 1190 1172 (quse
1206 1091 1302 1175 vulgo
1321 1107 1437 1153 monar-

296 1197 384 1262 chias
407 1197 615 1280 usurpantur)
639 1194 829 1259 doctissimis
849 1194 980 1260 scholiis
997 1195 1062 1258 tuis
1078 1195 1270 1258 illustratum
1289 1193 1439 1259 studiosae

296 1301 454 1366 iuventuti
477 1300 511 1364 in
534 1303 639 1363 restra
662 1297 821 1362 academia
843 1298 883 1362 ad
906 1319 1061 1362 summam
1086 1300 1243 1382 quandam
1261 1297 1438 1363 historicam

297 1406 402 1471 animo
425 1405 550 1470 facilius
572 1403 895 1487 comprehendendam
928 1405 1088 1488 proponis.
1136 1405 1326 1470 Rectissime
1357 1422 1438 1468 saue:

297 1515 392 1594 atque
414 1514 450 1574 ut
473 1503 549 1574 eius'
563 1507 640 1573 faeti
663 1509 711 1572 tui
734 1509 960 1593 approbatores
983 1509 1080 1573 habes
1101 1510 1265 1593 plurimos,
1289 1510 1338 1574 ita
1353 1513 1385 1572 et
1399 1526 1440 1570 me

297 1615 363 1679 illis
383 1637 532 1700 aggrego,
566 1614 670 1690 Quum
688 1617 794 1678 autem
810 1614 958 1690 riderem,
981 1618 1085 1677 cetera
1100 1614 1226 1697 quidem
1243 1614 1305 1678 viri
1322 1613 1439 1694 scripta,

297 1725 365 1786 tam
389 1741 459 1808 quae
481 1721 523 1783 ex'
542 1719 674 1784 Gallicis
696 1717 813 1782 Latina
834 1717 926 1795 fecit,
951 1739 1045 1801 quam
1069 1739 1149 1800 quae
1171 1719 1238 1801 ipse
1261 1715 1439 1802 composuit,

298 1829 330 1887 et
352 1825 471 1888 versari
494 1825 611 1908 passim
634 1824 668 1887 in
692 1823 840 1888 manibus
864 1823 1074 1887 studiosorum
1108 1827 1139 1886 et
1174 1824 1299 1907 saepius
1324 1819 1438 1886 recudi:

298 1927 446 2007 mirabar,
473 1930 550 2012 quid
572 1929 699 1994 tandem
717 1929 796 1993 istae
813 1929 891 1992 duae
906 1930 1065 1992 orationes
1082 1927 1213 1992 meritae
1227 1932 1343 2003 essent,
1368 1921 1439 2008 quod

298 2034 345 2098 ita
366 2039 554 2118 premantur
577 2041 614 2100 ut
636 2036 797 2100 rarissime
820 2034 1073 2118 conspiciantur:
1096 2055 1167 2100 eum
1192 2032 1319 2116 quidem
1343 2032 1380 2094 de
1398 2049 1439 2090 re·

298 2139 356 2204 bus
380 2131 475 2225 longe
497 2140 694 2224 gravissimis
717 2122 911 2223 maximique
934 2141 1088 2204 momenti
1111 2139 1293 2222 disputent,
1327 2157 1390 2201 non
1412 2133 1439 2196 in

298 2244 423 2309 scholae
446 2243 574 2322 umbra,
607 2244 660 2307 sed
690 2245 723 2307 in
748 2245 816 2308 luco
839 2243 1030 2328 reipublicae
1053 2249 1085 2308 et
1108 2244 1236 2328 imperii
1259 2239 1439 2308 Germanici.

386 2349 539 2433 Equidem
563 2371 633 2413 cum
656 2349 728 2414 illas
759 2351 793 2412 111
820 2347 1010 2413 bibliotheca
1033 2349 1188 2414 Matthiae
1207 2349 1326 2436 Bergii,
1350 2369 1439 2413 avun-

223 2530 226 2538 .
300 2455 364 2519 culi
386 2455 542 2519 carissimi
565 2477 594 2538 p.
620 2476 678 2530 m,
704 2453 744 2518 ab
767 2455 835 2537 ipso
859 2454 938 2517 mihi
961 2455 1068 2539 legata
1089 2455 1292 2538 reperissem,
1325 2475 1362 2518 ac
1383 2471 1441 2535 me·

300 2558 481 2637 minissem,
505 2559 647 2642 abipso,
671 2560 745 2623 dum
769 2559 913 2636 vivebat,
946 2560 980 2622 in
1004 2559 1097 2623 rebus
1119 2559 1291 2624 carissimis
1313 2557 1440 2632 habitas,

300 2663 436 2728 iudicavi
459 2663 537 2727 mihi
561 2663 601 2727 ab
624 2665 758 2728 interitu
781 2663 1005 2741 vindicandas,
1029 2669 1085 2728 aut
1107 2669 1208 2742 certe,
1238 2661 1440 2748 quantumin

301 2788 351 2830 me
372 2771 470 2846 esset,
502 2790 573 2832 cum
596 2769 741 2852 pluribus
764 2769 836 2833 aliis
860 2768 1156 2846 communicandas,
1190 2769 1346 2854 aquibus
1368 2766 1441 2830 forte

301 2871 442 2935 nondum
466 2873 550 2937 visae
573 2877 687 2951 essent,
711 2895 828 2959 magno
852 2878 957 2938 autem
983 2897 1054 2938 cum
1077 2873 1184 2938 fructu
1208 2875 1354 2959 cognosci
1377 2891 1441 2956 pos·

301 2977 382 3042 sent.
430 2977 630 3060 Quamquam
653 2978 737 3041 enim
761 2979 811 3042 bis
835 2978 1071 3062 quinquaginta
1093 2980 1204 3058 annis,
1239 2978 1299 3044 hoc
1322 2979 1442 3061 inquam

300 3079 448 3158 iubilaeo,
471 3086 545 3164 post
567 3103 619 3146 eas
642 3081 779 3164 primum
802 3083 937 3167 scriptas
955 3087 1050 3166 atque
1066 3083 1167 3148 editas
1183 3085 1309 3167 elapsis,
1334 3100 1443 3166 magna

302 3184 385 3250 facta
408 3189 456 3250 est
478 3189 658 3270 temporum
681 3189 897 3265 commutatio,
923 3193 956 3250 et
978 3189 1040 3251 alia
1064 3192 1159 3272 atque
1175 3188 1268 3252 aliter
1283 3187 1441 3253 Sleidanus

301 3290 361 3354 hac
383 3295 492 3354 nostra
515 3294 703 3375 tempestate
725 3315 821 3375 quam
844 3315 901 3357 sua
924 3292 979 3356 illa
1002 3292 1104 3357 dicere
1126 3297 1182 3356 aut
1203 3293 1339 3358 scribere
1362 3309 1443 3377 posse

301 3394 462 3459 videatur:
486 3396 598 3480 negari
620 3400 726 3460 tamen
751 3419 815 3461 non
838 3397 930 3461 debet
954 3397 1032 3481 quin
1055 3397 1096 3474 ii,
1121 3399 1176 3481 qui
1200 3398 1239 3462 ad
1261 3395 1443 3481 reipublicae

174 3563 177 3570 ,
302 3499 516 3583 gubernacula
538 3501 664 3579 sedent,
688 3503 785 3566 etiam
808 3525 846 3566 er
870 3503 982 3566 barum
1006 3503 1140 3567 lectione
1163 3505 1342 3567 orationum
1366 3499 1442 3564 saln-

302 3607 383 3689 taria
406 3607 558 3690 quaedam
582 3609 714 3673 consilia
736 3631 893 3674 assumere
916 3613 948 3673 et
971 3609 1011 3673 ad
1034 3631 1125 3673 usum
1149 3611 1289 3674 conferre
1314 3605 1440 3691 possint.

390 3711 468 3776 Ourn
491 3718 597 3779 autem
620 3715 657 3778 de
679 3715 857 3778 renovanda
878 3714 980 3779 libelli
1004 3715 1096 3778 istius
1118 3714 1256 3778 editione
1271 3713 1442 3798 cogitarem,

303 3815 373 3894 tibi,
397 3817 568 3896 Meibomi,
604 3821 805 3902 potissimum
834 3820 916 3884 dono
943 3821 1071 3883 mittere
1094 3841 1165 3884 eum
1189 3819 1290 3895 volui,
1325 3821 1393 3882 tum
1414 3813 1444 3874 ut

304 3929 387 3990 esset
417 3945 512 4006 penes
543 3928 574 3987 te
603 3923 730 4006 aliquod
759 3927 887 3988 nostrae
917 3925 1032 3988 veteris
1067 3924 1201 3988 notitiae
1235 3923 1444 4003 amicitiaeque

305 4029 431 4112 pignus,
456 4029 537 4092 sicut
560 4049 619 4113 ego
641 4027 707 4091 eius
730 4029 832 4091 multa
853 4029 909 4092 aba
933 4032 964 4091 te
987 4029 1106 4092 habeo:
1131 4033 1199 4092 tum
1223 4033 1260 4092 ut
1283 4028 1358 4091 hinc
1374 4042 1444 4108 quo-

305 4155 366 4215 que
390 4138 510 4217 peteres
533 4134 616 4218 quod
640 4134 705 4197 aive
728 4133 767 4198 ad
791 4133 966 4217 augendam
989 4135 1055 4198 sive
1078 4135 1115 4198 ad
1139 4131 1383 4198 confirmandam
1405 4125 1443 4190 ci·

304 4237 400 4302 vilem
423 4241 635 4323 prudentiam,
660 4263 754 4323 quam
778 4243 813 4302 tu
836 4262 873 4303 ex
896 4239 1102 4304 historiarum
1130 4261 1213 4323 penu
1237 4238 1444 4321 depromptam

305 4343 502 4410 auditoribus
525 4346 589 4412 tuis
611 4346 755 4430 apponis,
779 4346 963 4428 pertineret.
1004 4345 1092 4440 ¹llale.
1140 4337 1303 4428 Altorphii
1326 4343 1359 4406 in
1382 4357 1443 4404 acu·
