3172 4958
686 380 726 440 31

137 550 271 617 occultis
308 551 504 616 anfractibus
535 551 742 636 gradientem.
789 549 864 615 Mox
895 551 949 615 ille
982 551 1090 616 furore
1121 551 1289 615 durissimo

137 677 344 741 peraccensus
369 656 537 720 momordit
561 656 732 720 calcantem
757 661 788 718 et
811 655 866 718 illa
889 655 1059 742 impatiens
1083 676 1221 719 morsum
1238 677 1287 718 rc-

139 761 225 826 fudit
248 760 436 844 quantocius
460 759 495 823 in
517 759 724 823 mordentem.
770 757 822 822 Sic
851 758 952 842 igitur
974 759 1149 822 communis
1172 756 1289 824 furoris

140 867 177 929 in
201 886 399 929 communem
416 865 588 929 vindictam
606 864 820 930 venenositete
835 864 950 928 diffusa
965 864 1057 927 divisi
1071 869 1157 940 sunt,
1180 866 1291 928 statim

114 993 126 1028 e
143 976 319 1054 quaerentes
341 974 414 1052 post
437 970 567 1035 vulnera
591 969 789 1034 medicinam.
836 969 957 1033 Deinde
970 991 1040 1032 cum
1056 969 1191 1032 evolutis
1207 973 1289 1032 tem-

139 1075 271 1159 poribus
292 1073 353 1138 sibi
375 1074 510 1138 invicem
533 1076 759 1151 occurrissent,
793 1096 867 1138 mox
890 1075 975 1158 aspis
1002 1075 1143 1157 autiquae
1165 1073 1291 1156 injuriae

141 1179 304 1245 recordata
325 1182 373 1242 est
396 1200 536 1243 aenove
559 1183 644 1244 mota
666 1179 830 1243 iracundia
854 1180 886 1242 in
911 1199 1024 1242 novam
1048 1179 1145 1262 coepit
1160 1199 1289 1261 exaspe-

139 1306 210 1350 rare
232 1283 416 1349 vindictam.
463 1283 597 1348 Pulliata
621 1305 696 1368 ergo
719 1284 820 1347 cordis
843 1284 986 1366 nequitia
1009 1283 1081 1347 laeto
1104 1284 1195 1347 vultu
1217 1305 1289 1366 pro-

139 1389 252 1454 cedens
266 1388 445 1471 proditione
459 1389 563 1472 plena,
587 1387 689 1452 salute
704 1388 877 1471 proposita,
904 1388 1016 1452 callide
1039 1388 1185 1452 callidam
1209 1388 1289 1452 allo-

101 1517 126 1552 m
141 1498 216 1560 cute
237 1495 285 1556 est
308 1493 432 1558 dicens:
455 1493 489 1555 in
508 1493 640 1556 veritate
655 1513 741 1556 nunc
755 1497 797 1571 te,
822 1493 994 1570 carissima,
1018 1493 1228 1576 inquirebam,
1253 1496 1290 1557 ut

141 1599 207 1663 oris
244 1619 350 1662 morsu
384 1597 538 1680 perditem
573 1599 638 1661 oris
675 1599 783 1662 osculo
816 1597 977 1662 redderem
1011 1617 1119 1680 pacem
1153 1602 1288 1682 gratem.

142 1703 226 1782 Quid
250 1703 334 1766 enim
356 1702 447 1766 vitali
469 1723 545 1785 pace
566 1701 755 1768 mortalibus
785 1701 910 1778 carius,
944 1703 1078 1766 terrenis
1106 1703 1289 1786 jucundius,

142 1807 264 1873 cunctis
295 1805 482 1884 notabilius,
513 1811 569 1871 aut
598 1811 663 1870 tum
693 1809 845 1890 gratum?
875 1805 1037 1871 Nimirum
1064 1807 1150 1890 pacis
1173 1807 1291 1874 foedere

11 1949 15 1958 ·
143 1917 259 1978 cuncta
281 1916 412 1976 manent
434 1911 670 1994 tranquillitate
693 1912 833 1976 virentia
856 1916 889 1976 et
911 1913 1037 1997 vigent,
1069 1912 1198 1996 ejusque
1221 1913 1290 1997 lege

102 2040 128 2076 m
142 2039 179 2084 nc
194 2017 306 2081 ordine
328 2017 434 2080 civilia
455 2014 587 2092 florent3
611 2036 777 2080 commune
798 2017 886 2100 pacis
909 2020 957 2081 est
979 2017 1107 2082 bonum.
1154 2018 1204 2082 Ad
1225 2017 1292 2082 hmo

143 2123 200 2186 illa
223 2121 366 2186 callidior
388 2143 461 2186 mox
476 2121 580 2185 verbis
596 2121 775 2186 insaniente
797 2142 890 2204 parce
921 2122 1119 2204 providentia
1148 2123 1191 2186 sic
1221 2144 1287 2186 res·

142 2227 272 2312 pandit:
298 2227 415 2311 quippe
438 2225 670 2291 divinissimum
694 2227 812 2290 bonum
837 2247 898 2308 pax
921 2235 978 2300 est,
1006 2227 1033 2288 si
1056 2248 1129 2291 vera
1152 2229 1209 2304 eet,
1234 2227 1288 2291 sed

143 2334 175 2421 si*
193 2329 435 2416 sophisticaest,
459 2329 513 2394 lux
538 2329 738 2406 obnubilans,
762 2330 829 2394 vita
852 2330 1017 2394 mortifera
1038 2334 1070 2394 et
1091 2331 1221 2396 dulcedo
1244 2337 1291 2396 est

144 2457 308 2502 venenose.
354 2433 488 2500 Nullum
519 2435 603 2498 enim
633 2434 820 2518 perdibilius
848 2434 967 2498 mulum
999 2457 1093 2518 quam
1123 2435 1292 2500 inimicitia

103 2563 129 2600 eo
143 2563 220 2627 pace
242 2547 360 2626 operta.
407 2540 512 2626 Igitur
534 2545 656 2617 tecum,
680 2540 861 2618 carissima,
880 2539 927 2604 sit
949 2545 1005 2605 tna
1026 2561 1107 2622 pex,
1138 2541 1290 2604 nimirum

144 2645 199 2710 ubi
222 2652 270 2712 est
281 2648 407 2712 cliensae
426 2646 589 2722 memoria,
612 2646 656 2708 ibi
673 2646 731 2722 ira,
747 2646 801 2710 sed
816 2645 904 2728 cupit
920 2645 967 2708 ira
982 2645 1164 2722 vindictam,
1189 2645 1292 2710 mittit

143 2751 406 2832 fiautlulentiam,
440 2771 509 2833 quae
539 2749 704 2814 inferenda
736 2750 836 2832 serpit
868 2750 907 2814 ud
936 2770 1071 2832 poenam.
1119 2749 1179 2813 Cor
1201 2755 1292 2814 tuum

144 2877 209 2921 non
224 2856 325 2935 video,
340 2857 394 2920 sed
410 2855 448 2920 ad
464 2856 618 2919 rationem
637 2875 763 2918 recurro
784 2858 816 2918 et
832 2853 899 2937 ejus
916 2854 1036 2918 lumine
1050 2875 1167 2918 saevum
1184 2860 1292 2938 pectus

143 2961 362 3026 absconditum
388 2961 494 3042 rimor.
540 2958 624 3022 Vera
653 2979 789 3042 namque
819 2980 880 3041 pax
903 2980 1066 3041 nunquam
1089 2960 1216 3024 offensae
1239 2983 1289 3024 re·

103 3086 128 3123 2⁶
144 3067 323 3130 miniscitur
346 3065 399 3128 sed
430 3064 505 3127 fictu
534 3063 726 3126 oblivionem
749 3063 815 3145 ejus
847 3083 910 3126 non
935 3063 1072 3146 patitur,
1108 3069 1140 3128 et
1163 3065 1291 3128 infirma

144 3169 272 3255 quidem
301 3168 410 3233 oblitae
438 3168 597 3231 interdum
627 3167 753 3250 injuriae
783 3167 975 3230 recordatur.
1029 3165 1112 3231 Nam
1145 3168 1293 3232 tirrendus

98 3287 102 3296 '
143 3278 323 3358 comperet
349 3272 504 3338 cavendus
526 3271 665 3336 offensus
688 3276 745 3347 est,
769 3273 844 3354 quia
868 3276 964 3337 tenax
987 3271 1112 3352 injuria,
1136 3272 1213 3335 levis
1236 3273 1293 3352 ira,

143 3382 325 3463 exspectato
346 3376 497 3454 vindicte,
521 3377 613 3441 tarda
635 3377 811 3441 clementia.
858 3375 1004 3459 Namque
1022 3374 1138 3439 fratres
1162 3375 1291 3460 Josepb,

144 3505 239 3567 quem
262 3483 461 3548 offenderant
483 3482 705 3558 adolescentes,
731 3482 907 3544 timuerunt
929 3483 962 3543 et
984 3501 1080 3545 senes.
1130 3479 1294 3554 Quodicto

102 3609 129 3644 so
143 3589 263 3653 evitato
285 3587 376 3652 hoste
399 3587 551 3653 discessit.

158 3797 257 3863 Cum
280 3796 413 3862 electo
436 3795 555 3863 socio
578 3793 874 3879 proficisceris
897 3800 969 3860 aut
991 3792 1269 3860 converseris.

355 3971 412 4037 De
435 3971 563 4056 vulpe
584 3935 919 4056 peregrinante,
943 3993 1009 4056 cap.
1036 3975 1086 4037 24.

234 4113 283 4177 Ad
307 4111 527 4176 declinationis
549 4115 676 4174 etatem
693 4111 802 4194 vulpes
819 4110 952 4176 deducte
967 4111 1086 4194 patrati
1102 4115 1208 4175 reatus
1219 4127 1295 4173 cou-

145 4219 228 4292 scia,
254 4222 289 4280 ut
310 4215 524 4291 satisfaceret,
558 4214 756 4298 peregrinari
785 4235 856 4279 cum
878 4214 990 4292 vellet,
1015 4236 1087 4280 mox
1112 4216 1296 4299 peregrina·

106 4339 132 4378 ³⁵
146 4323 244 4386 tionis
262 4321 328 4404 ejus
344 4339 453 4383 rumor
476 4319 620 4382 insonuit
642 4321 674 4382 et
685 4318 902 4404 peregrinanti
925 4319 1012 4383 cenis
1034 4319 1068 4383 in
1091 4319 1240 4384 comitem
1263 4340 1296 4383 se

147 4426 242 4491 dedit.
289 4423 349 4490 (lui
371 4423 478 4490 vetula
500 4422 596 4487 dixit:
621 4422 742 4488 latrans
765 4427 797 4488 et
819 4423 967 4488 mordens
987 4429 1172 4509 provocator
1187 4423 1296 4488 inimi·
