3172 4962
248 439 357 486 omnes
384 422 478 486 staro.
532 418 603 486 Hoo
636 419 721 486 enim
755 419 871 486 aoeidit
893 417 1183 507 Nabugodonosor‚
1217 423 1274 509 qui
1304 443 1400 507 super

248 544 357 590 omnes
389 545 478 610 reges
507 529 539 590 et
566 523 725 610 principes
747 529 840 592 terrae
862 525 1012 592 seandera
1033 525 1220 612 satagebat,
1250 531 1289 593 ut
1318 531 1401 593 esset

248 649 303 706 rer
318 649 430 714 regum
451 633 483 694 et
501 628 649 695 dominus
664 631 864 696 dominorum
877 634 1086 713 terrenorum,
1102 633 1247 697 nesciens
1263 653 1331 716 pras
1346 653 1401 697 su·

248 732 368 816 perbis,
392 735 476 816 quod
499 733 830 800 dominaturexoelsus
853 756 948 820 super
970 755 1105 821 regnum
1128 736 1306 802 hominum.
1354 735 1403 802 De

223 855 311 921 oquo
334 837 450 904 dieitur
471 838 615 906 Danielis
638 837 724 905 Ive:
754 839 882 924 quando
902 839 1022 906 elatum
1051 843 1100 906 est
1124 862 1180 907 eor
1201 840 1402 929 Nabugodo-

249 963 343 1010 nosor
366 949 398 1010 et
421 945 553 1029 spiritus
575 945 642 1028 ejus
664 943 869 1011 oonfirmatus
892 949 941 1011 est
963 944 1004 1011 ad
1019 947 1212 1031 superbiam,
1236 947 1403 1032 depositus

249 1052 297 1114 est
319 1049 357 1115 de
379 1049 460 1115 solio
482 1070 549 1116 suo.
594 1047 687 1115 Unde
709 1049 828 1116 dietum
851 1053 900 1116 est
920 1050 967 1116 si:
997 1050 1103 1134 ejiciet
1124 1055 1157 1117 te
1179 1051 1256 1118 deus
1280 1053 1321 1118 ab
1343 1053 1404 1119 bo-

249 1155 387 1220 minibus
410 1159 442 1220 et
464 1158 533 1219 turn
556 1155 667 1220 bestiis
689 1159 784 1238 atque
806 1155 881 1222 feris
904 1155 967 1220 erit
992 1155 1151 1222 habitatio
1172 1160 1245 1237 tuo,
1278 1157 1405 1224 foenum

249 1263 286 1326 ut
307 1260 364 1326 bos
385 1260 527 1326 comedes
549 1263 733 1345 septemque
754 1265 898 1347 tempora
928 1260 1140 1327 mutabuntur
1167 1263 1203 1326 in
1224 1265 1266 1328 te.
1313 1261 1406 1330 Siout

211 1386 236 1424 ιι
251 1366 368 1432 dieitur
389 1366 424 1431 in
441 1363 603 1450 Hystoriis
615 1364 834 1434 Scholasticis:
859 1389 925 1432 non
947 1370 996 1432 est
1017 1366 1120 1432 faetus
1143 1369 1317 1434 secundm
1332 1391 1405 1434 mu-

250 1471 405 1536 tationem
429 1471 571 1556 eorporis
598 1469 653 1536 sed
675 1471 848 1536 secundum
869 1471 986 1536 mentis
1007 1471 1234 1538 alienationem
1257 1478 1291 1539 et
1313 1474 1407 1540 abla-

250 1579 301 1642 tus
326 1578 375 1640 est
396 1575 426 1640 ei
448 1595 558 1640 sensim
581 1579 614 1642 et
629 1587 710 1640 'usus
733 1576 851 1662 linguae
873 1575 1094 1641 obsidebatur
1117 1576 1189 1656 sibi,
1212 1579 1296 1662 quod
1319 1582 1405 1644 esset

250 1681 307 1746 bos
330 1681 396 1746 sive
418 1686 529 1746 taurus
559 1681 594 1745 in
623 1680 853 1761 anterioribus,
877 1681 911 1745 in
943 1681 1173 1766 posterioribus
1203 1685 1311 1748 autem
1342 1683 1403 1750 loo.

251 1785 366 1852 Daniel
389 1807 514 1871 quoque
543 1789 613 1851 toto
634 1789 778 1872 tempore
807 1785 1010 1852 alienationis
1040 1786 1107 1871 ejus
1134 1807 1194 1872 pro
1218 1807 1255 1852 eo
1277 1787 1402 1866 orabat,

213 1909 238 1948 ιι
251 1891 299 1956 ita
320 1889 404 1975 qnod
426 1895 547 1976 septem
569 1893 728 1975 tempore,
757 1891 790 1955 id
822 1893 870 1956 est
892 1895 1014 1977 septem
1036 1891 1115 1956 enni
1137 1891 1177 1956 ad
1199 1913 1308 1976 praees
1331 1913 1405 1958 suas

253 1997 288 2060 in
311 1999 432 2080 septem
454 2017 579 2061 menses
601 1996 718 2061 mutati
740 2001 823 2062 sunt.
870 1995 909 2061 In
941 1997 1055 2081 quibus
1086 2001 1208 2081 septem
1239 1997 1404 2063 mensibus

253 2099 410 2165 insaniam
434 2100 616 2186 patiebatur
638 2123 695 2186 per
717 2101 930 2188 quadraginta
953 2101 1029 2180 dies,
1052 2123 1109 2186 per
1130 2101 1209 2169 alios
1233 2123 1308 2167 raro
1324 2124 1404 2187 qna-

254 2203 403 2291 draginta
425 2205 464 2272 ad
487 2228 541 2271 oor
562 2226 705 2272 reversus
727 2207 823 2272 flebat
845 2210 878 2272 ot
899 2206 1013 2272 orabat
1034 2207 1147 2288 deum,
1179 2207 1226 2274 ita
1257 2207 1342 2292 quod
1365 2229 1403 2273 ex

253 2310 385 2396 magnis
401 2309 528 2377 fletibus
551 2311 635 2378 oenli
664 2311 731 2396 ejus
761 2315 798 2377 ut
826 2332 898 2377 earo
928 2311 1006 2377 faeti
1038 2314 1123 2376 sunt.
1169 2309 1266 2376 Multi
1296 2315 1405 2378 autem

215 2442 241 2482 ro
255 2416 295 2482 ad
327 2438 399 2482 eum
428 2417 559 2483 exibant
589 2420 621 2481 et
653 2437 724 2481 eum
754 2414 914 2480 videbant.
967 2413 1141 2500 Completis
1174 2435 1250 2501 ergo
1280 2419 1405 2500 septem

254 2522 415 2588 mensibus
437 2524 601 2587 revocatus
623 2523 688 2598 est,
718 2523 913 2586 nontamen
936 2519 1049 2586 statim
1070 2520 1236 2606 regnavit,
1259 2519 1314 2584 sed
1336 2523 1405 2585 sta·
1453 2579 1456 2584 .

253 2626 317 2692 tuti
339 2631 414 2692 sunt
436 2647 494 2710 pro
517 2647 553 2691 eo
575 2629 696 2712 septem
714 2625 837 2710 judiees
858 2630 891 2691 et
913 2645 1012 2708 usque
1034 2623 1073 2690 ad
1095 2625 1192 2691 finem
1206 2627 1329 2709 septem
1344 2645 1406 2689 an·

254 2747 371 2797 norum*
390 2730 612 2816 poenitentiam
635 2730 717 2816 egit,
740 2752 855 2816 penem
883 2733 916 2796 et
937 2751 1064 2795 earnem
1087 2750 1152 2794 non
1179 2728 1344 2795 eomedens
1373 2732 1408 2793 et

253 2835 365 2900 vinum
387 2857 451 2900 non
477 2835 597 2900 bibens.

215 3037 241 3078 rs
462 3009 519 3075 De
540 3009 670 3075 stella
692 3011 1036 3088 transmontana,
1060 3007 1135 3074 dial.
1163 3013 1193 3075 3.

341 3155 441 3222 Stella
463 3175 533 3240 quae
553 3157 797 3220 transmontana
827 3155 1047 3237 nuncupatur,
1080 3151 1115 3214 in
1145 3147 1297 3215 umbilieo
1332 3147 1405 3215 ooeli

256 3265 327 3341 eat,
346 3282 410 3327 non
432 3261 518 3326 enim
541 3259 581 3324 ad
603 3279 746 3334 oeeesum
775 3257 880 3324 tendit
900 3279 960 3323 nae
990 3253 1105 3323 eoelum
1135 3255 1250 3322 oirouit
1276 3259 1314 3322 ut
1344 3277 1403 3321 oae·

254 3371 346 3446 teres,
376 3367 430 3431 sed
460 3366 495 3430 in
523 3363 704 3430 meditullio
731 3362 842 3430 sedens
864 3361 973 3428 omnia
995 3360 1098 3426 sidera
1120 3360 1205 3445 regit
1234 3364 1267 3426 et
1289 3359 1401 3426 volvit.

189 3551 192 3558 Ι
256 3469 316 3536 Fst
336 3471 422 3536 enim
444 3471 535 3535 limes
557 3469 744 3535 vel'semita
754 3467 862 3547 maris,
886 3468 926 3533 ad
950 3489 1045 3553 quam
1067 3485 1192 3551 semper
1206 3463 1408 3551 prospiciunt

218 3599 244 3638 ao
257 3580 372 3642 nautae.
419 3575 468 3641 Ad
492 3575 574 3640 hano
596 3573 721 3640 stollam
743 3595 852 3640 omnes
880 3573 951 3638 aliae
972 3569 1168 3637 unanimiter
1190 3573 1409 3637 oonvanerunt

257 3681 412 3748 dieentes:
435 3703 485 3760 en,
509 3681 601 3746 debes
624 3683 661 3745 tu
683 3700 807 3764 semper
829 3680 935 3744 sedere
958 3681 990 3744 ot
1012 3677 1194 3761 quiescere?
1226 3697 1285 3742 nos
1300 3675 1409 3761 quoti-

257 3787 309 3852 die
331 3785 445 3853 ooelum
468 3787 636 3852 circuimus
658 3785 782 3869 tibique
803 3785 997 3851 insessantes
1033 3781 1203 3860 servimus,
1233 3781 1273 3846 da
1304 3781 1410 3846 looum

258 3893 371 3978 majori
394 3895 427 3957 et
447 3891 555 3957 recede
577 3890 822 3976 aliquantulum.
868 3888 989 3966 Quibus
1006 3887 1070 3956 ait:
1090 3884 1230 3966 nescitis,
1253 3883 1330 3970 quid
1352 3905 1409 3970 pe-

258 3997 346 4075 titis,
370 4018 436 4084 ego
453 4000 558 4062 antem
580 3996 756 4082 plurimum
777 4016 828 4060 me
851 3995 953 4083 latigo
975 4015 1030 4060 voa
1054 3989 1211 4079 regendo,
1240 3995 1273 4057 et
1305 3991 1410 4055 sivos

220 4127 244 4167 ιι
258 4123 324 4168 non
347 4091 516 4168 retinerem
539 4102 572 4167 in
596 4095 747 4166 custodiis
772 4101 886 4166 vestris
908 4103 940 4166 et
963 4099 1118 4178 motibus,
1147 4097 1323 4182 plurimum
1355 4095 1410 4160 de-

258 4206 413 4286 viassetir,
437 4209 520 4273 unde
542 4207 682 4286 consulo,
706 4227 815 4290 paoem
829 4205 985 4272 habeatis.
1017 4202 1136 4270 sulla
1156 4205 1261 4269 autem
1277 4204 1411 4287 propter

257 4310 326 4378 haeo
346 4312 442 4378 verba
472 4333 536 4377 non
565 4316 641 4378 sunt
661 4313 820 4398 .plaeatae‚
849 4315 947 4378 immo
977 4311 1179 4396 reoiprooatae
1205 4305 1402 4375 unanimiter
