3044 4956
865 342 906 402 46

307 533 372 578 non
394 513 597 599 agnoscitur,
632 533 741 577 verum
770 512 867 578 etiam
897 511 943 575 ita
974 533 1007 576 se
1036 519 1198 596 comparet
1230 518 1263 579 et
1290 519 1354 580 tam
1378 518 1453 581 arti-

305 617 411 682 ficiose
433 617 652 682 crudelitatem
676 639 764 680 suam
794 615 897 700 tegit,
931 622 968 679 ut
1000 616 1122 681 colatur
1151 623 1184 682 et
1213 619 1394 685 observetur
1415 621 1454 686 ab

305 722 471 800 omnibus,
503 722 566 787 acsi
597 725 750 804 tanquam
774 718 1005 802 nu[GIV]1uen
1028 721 1156 805 aliquod
1179 724 1318 788 salutare
1339 727 1453 790 consti·

304 834 393 894 tutus
416 832 498 892 esset
520 826 622 895 aDeo
645 827 678 890 in
702 825 761 890 hac
785 825 900 890 misera
915 830 944 888 et
962 825 1148 891 calamitosa
1163 828 1328 893 hominurn
1344 831 1416 895 vita

304 931 420 999 Nonne
443 953 532 1018 reges
554 953 663 996 omues
685 953 721 995 ac
744 930 922 994 monarcha
945 929 1076 995 fuerunt
1104 931 1199 1014 hujus
1229 932 1453 1000 dominationis

306 1036 527 1105 admirabuudi
562 1039 755 1121 spectatores
790 1039 823 1100 et
845 1035 1027 1118 adjutores?
1072 1035 1133 1112 Qui
1156 1039 1284 1102 tametsi
1307 1040 1453 1124 majorem

303 1143 521 1212 innocentiam
554 1147 586 1207 et
620 1142 792 1224 puritatem
827 1140 860 1204 iu
894 1140 960 1224 ejus
990 1141 1057 1205 vita
1079 1140 1213 1206 fortasse
1235 1143 1454 1210 desiderabant

303 1249 490 1335 aliquando,
515 1268 579 1311 nou
602 1251 709 1310 tamen
733 1251 907 1330 potuerunt
928 1267 999 1310 eum
1021 1267 1206 1331 agnoscere,
1231 1249 1380 1332 quoniam
1403 1271 1452 1314 re·

302 1353 431 1440 ligiouie
455 1353 603 1435 opinione
626 1351 866 1428 detinebantur,
902 1350 1013 1414 deinde
1042 1351 1088 1415 sic
1110 1355 1197 1429 erat,
1233 1359 1269 1416 ut
1291 1357 1451 1437 oporteret

302 1481 374 1524 eum
398 1457 535 1544 groesari
558 1456 596 1520 ad
619 1456 706 1519 hunc
729 1456 877 1532 modum,
911 1455 945 1520 in
977 1477 1100 1520 summa
1122 1457 1264 1522 omnium
1287 1458 1451 1524 hominum

303 1563 513 1651 ignoratione,
538 1565 571 1625 et
593 1560 784 1644 impunitate
807 1559 961 1638 maxima,
985 1559 1068 1624 sicut
1097 1562 1256 1645 scriptura
1285 1565 1451 1650 praesigni·

302 1670 417 1736 ficavit.
452 1668 531 1733 (ium
554 1686 627 1730 vero
650 1666 843 1749 pervenisset
865 1664 904 1728 ad
927 1685 1086 1729 summum
1109 1667 1242 1751 gradum
1267 1667 1450 1752 impietatis,

302 1780 338 1841 ut
359 1771 525 1860 superaddi
549 1769 631 1834 nihil
654 1775 769 1853 posset,
793 1769 922 1834 adortus
945 1773 993 1833 est
1016 1769 1119 1852 ipsum
1144 1769 1238 1848 Deus,
1261 1771 1349 1837 intra
1371 1771 1449 1837 Ger-

868 1889 886 1928 s

300 1987 364 2051 e'en
390 1985 459 2049 faut
481 1981 559 2067 qu'il
588 1979 650 2044 soit
680 2000 784 2062 cognu
815 1979 853 2061 (si
877 1978 1030 2043 finement
1052 1979 1075 2042 il
1099 2000 1212 2044 couvre
1244 2002 1278 2044 sa
1307 1985 1451 2068 cruente)

303 2090 397 2174 qu'au
419 2086 579 2153 contraire
601 2084 625 2148 il
648 2087 697 2148 est
718 2082 799 2147 servi
822 2085 855 2146 et
879 2083 984 2146 revere
1005 2082 1044 2146 de
1064 2086 1144 2161 tous,
1168 2105 1288 2149 comme
1315 2089 1342 2149 si
1370 2086 1451 2151 Dieu

300 2193 411 2259 l'avoit
433 2190 590 2257 constitue
623 2211 662 2252 eu
695 2191 778 2252 cesta
806 2187 855 2252 vie
879 2186 1044 2254 miserable
1072 2191 1104 2252 et
1126 2191 1230 2272 pleine
1253 2191 1291 2255 de
1321 2191 1452 2256 calami·

298 2305 357 2378 teu,
381 2319 461 2384 pour
483 2318 546 2361 une
567 2295 734 2380 puissauce
756 2293 871 2370 divine,
896 2293 1047 2358 salutaire
1069 2315 1131 2358 aun
1154 2293 1303 2358 hommes.

866 2414 884 2453 *

299 2529 339 2574 en
372 2507 491 2592 alguna
524 2504 591 2570 sola
614 2503 789 2588 Republica
812 2525 830 2567 o
853 2503 1029 2582 Provincia,
1054 2525 1121 2568 mas
1148 2526 1206 2588 por
1233 2503 1299 2568 casi
1322 2505 1396 2570 toda
1419 2507 1451 2570 la

297 2611 444 2696 Europa,
474 2631 577 2694 ycon
601 2608 676 2672 todo
700 2629 767 2671 esso
793 2629 832 2672 no
855 2607 1028 2672 solamenta
1057 2629 1099 2672 no
1121 2628 1154 2671 es
1176 2610 1343 2687 conoeido,
1375 2633 1450 2694 pero

241 2739 247 2758 ¹
297 2719 326 2782 el
349 2737 381 2782 se
404 2715 505 2780 hade
527 2715 573 2778 tat
599 2733 739 2789 manera,
763 2735 785 2797 y
812 2713 948 2777 encubre
972 2717 1028 2776 tan
1053 2719 1290 2778 manosamente
1314 2737 1351 2779 su
1376 2737 1448 2781 cru·

296 2822 400 2900 eldat,
433 2842 494 2906 que
524 2819 614 2884 todos
636 2818 667 2883 lo
691 2823 804 2883 acatan
826 2841 847 2902 y
870 2818 899 2882 le
931 2818 1053 2894 sirven,
1087 2837 1176 2882 corno
1206 2819 1232 2882 si
1264 2816 1366 2882 inesse
1399 2821 1447 2884 al-

296 2949 362 3014 gun
386 2927 473 3002 dios,
509 2927 620 3008 puesto
642 2923 680 2988 de
703 2922 743 2998 la,
761 2943 856 2987 mano
879 2923 916 2987 de
939 2921 1016 2986 Dios
1046 2945 1124 3005 para
1152 2922 1208 2986 dar
1238 2912 1325 2987 salud
1356 2947 1375 2987 a
1399 2923 1447 2990 los

296 3031 443 3098 hombree
466 3052 506 3094 eu
528 3032 598 3094 esta
624 3028 793 3093 miserable
814 3050 835 3112 y
858 3027 1042 3124 calamitosa
1064 3027 1145 3092 vida.

864 3204 881 3242 e

381 3347 494 3414 Haben
518 3347 563 3410 ina
586 3347 637 3411 nit
659 3347 721 3411 alle
742 3346 854 3430 keyser
875 3346 941 3410 und
968 3347 1086 3432 konig,
1118 3348 1183 3412 und
1213 3347 1364 3433 volgeuds
1397 3349 1448 3412 die

294 3458 407 3540 gantae
430 3454 505 3518 walt
527 3452 579 3516 hie
601 3452 635 3516 in
658 3452 857 3536 ntgesehcn?
889 3452 954 3516 und
985 3452 1026 3517 ob
1050 3453 1094 3517 sie
1117 3453 1178 3516 wol
1200 3452 1353 3536 geseheu,
1389 3454 1447 3517 das

293 3582 326 3624 er
349 3559 401 3624 eiu
425 3555 623 3623 schaudtlich
644 3555 852 3620 enchristlich
867 3556 957 3620 leben
975 3551 1109 3640 gesdrct,
1133 3555 1237 3620 haben
1254 3558 1299 3620 sie
1315 3558 1347 3622 in
1365 3558 1448 3621 doch

292 3663 342 3727 nit
365 3667 480 3746 mdgen
504 3661 674 3738 erkenneu,
699 3659 781 3724 deun
806 3681 840 3724 er
862 3659 919 3724 hat
938 3659 946 3694 ¹
971 3655 1079 3724 darfdr
1102 3659 1253 3745 gebawet,
1278 3660 1325 3723 als
1348 3661 1389 3725 da
1413 3683 1448 3725 er

292 3768 337 3832 sie
359 3766 498 3832 vereidet
519 3765 584 3841 hat,
608 3763 674 3828 und
698 3764 778 3829 auch
801 3767 887 3828 nutet
909 3785 943 3828 er
966 3763 1015 3828 die
1035 3763 1206 3847 bestimpte
1220 3764 1291 3841 zeit,
1315 3763 1447 3828 wieder

291 3872 425 3956 Apostel
447 3867 529 3956 sagt,
553 3869 761 3953 aueregiereu.
801 3867 874 3933 Und
897 3868 1049 3933 demnach
1072 3867 1119 3932 als
1141 3869 1192 3933 ein
1216 3867 1303 3934 solch
1324 3869 1446 3952 jdme1·-

290 3975 375 4053 liuh,
408 3997 604 4052 verworreu,
640 3975 706 4040 und
729 3973 918 4040 Barbarisch
951 3975 1029 4059 ding
1060 3975 1094 4038 in
1117 3975 1173 4038 der
1196 3973 1343 4058 Religion
1367 3997 1445 4052 war,

291 4079 364 4157 das,
394 4101 442 4143 wo
464 4102 537 4144 man
560 4079 674 4144 hindar
695 4080 763 4144 sich
786 4079 938 4158 dencket,
969 4079 1072 4144 einem
1096 4078 1182 4164 bang
1206 4079 1270 4142 und
1293 4099 1446 4164 graneam

290 4184 415 4250 werden
438 4187 518 4262 mite,
545 4183 601 4249 hat
624 4183 705 4262 Got,
729 4187 768 4250 nt
792 4183 978 4269 bestimptcr
999 4185 1079 4261 neit,
1112 4181 1215 4246 seiuer
1238 4182 1448 4268 verheissuug

362 4429 374 4486 1
395 4427 446 4484 hat
464 4425 543 4484 euch.
