3146 4962
683 321 747 384 239

202 490 259 556 De
281 490 438 570 satiro,
463 493 539 576 qui
563 491 647 558 sibi
670 515 839 558 uxorem
861 495 1045 580 accepit,
1070 495 1144 560 dial.
1169 500 1220 562 90.

226 629 358 710 Satires,
371 636 407 696 ut
418 631 451 695 in
462 630 647 696 catholicon
660 630 804 710 habetur,
818 631 935 696 dicitur
946 655 965 698 a
976 639 1074 714 satur,
1087 636 1198 715 saturi,
1210 657 1290 721 pen-

137 738 251 802 ultima
272 743 424 820 correpta.
470 735 569 800 Satiri
585 739 661 801 sunt
677 736 902 802 homuntiones
925 738 1003 802 dicti
1025 741 1066 804 ab
1088 743 1178 806 uncis
1201 741 1289 806 nari-

27 871 30 876 *
137 843 206 920 bu's,
230 841 382 906 habentes
405 861 523 906 cornua
546 840 755 908 infrontibus
778 847 811 906 et
834 863 1000 926 caprarum
1013 845 1144 930 pedibus
1160 847 1292 925 similes,

113 949 265 1031 equalem
289 947 322 1010 in
339 946 511 1012 solitudine
534 952 663 1011 sanctus
679 946 841 1012 Antonius
854 948 944 1013 vidit.
988 947 1049 1025 Qui
1072 951 1169 1016 etiam
1191 953 1292 1017 inter-

139 1057 269 1138 rogatus
299 1051 400 1117 aDei
422 1073 512 1116 servo
544 1053 745 1136 respondisse
775 1052 878 1118 fertur
908 1055 1032 1119 dicens:
1061 1055 1205 1120 mortalis
1235 1077 1293 1142 ego

141 1179 229 1236 sum,
252 1178 334 1221 unus
366 1179 404 1221 ex
430 1158 543 1223 accolis
566 1157 703 1235 heremi,
736 1179 814 1242 quos
837 1161 925 1225 vario
948 1161 1056 1226 delusa
1089 1183 1194 1225 errore
1216 1182 1294 1246 gen-

140 1261 241 1327 tilitas
253 1260 366 1326 faunos
380 1263 555 1346 satirosque
575 1263 662 1328 colit.
695 1262 737 1327 Et
748 1268 796 1327 est
807 1265 927 1329 animal
942 1268 1178 1331 monstruosum
1196 1287 1292 1351 snpra

141 1367 313 1453 imaginem
336 1367 474 1432 hominis
497 1369 687 1454 insignitam
704 1369 733 1446 ¹,
763 1370 909 1434 deorsum
937 1392 1010 1435 vero
1033 1371 1168 1435 formam
1190 1391 1293 1454 caprae

100 1505 127 1544 ιο
141 1472 281 1551 habens,
312 1475 367 1557 qui
389 1475 562 1539 secundum
585 1494 724 1539 errorem
748 1475 918 1559 gentilium
941 1475 1027 1541 Deus
1050 1476 1203 1541 silvarum
1227 1497 1294 1540 esse

142 1579 360 1644 denunciatur.
407 1578 469 1644 Hic
490 1581 612 1664 accepit
634 1601 764 1645 uxorem
786 1581 887 1645 filiam
911 1580 1164 1666 Hippocentauri
1177 1579 1207 1658 ¹,
1238 1581 1293 1665 qui

142 1691 190 1748 ert
211 1685 307 1750 homo
334 1706 414 1767 equo
436 1685 566 1763 mixtus,
589 1689 702 1769 potens
718 1689 751 1751 ct
774 1687 942 1752 virtuosus.
990 1685 1069 1752 Cum
1093 1691 1199 1752 autem
1222 1707 1294 1751 cum

142 1811 238 1855 uxore
261 1790 376 1855 cubare
398 1789 543 1867 deberet,
576 1792 665 1875 prins
697 1791 735 1855 de
758 1793 861 1857 tribus
884 1813 952 1857 eam
977 1814 1104 1857 monere
1126 1793 1223 1876 coepit
1245 1792 1293 1855 di·

144 1909 233 1960 cens:
256 1915 419 1978 nunquam
441 1895 626 1972 mentiaris,
659 1900 691 1959 et
713 1918 913 1981 nequaquam
935 1899 1117 1983 imprecaris
1139 1919 1198 1962 ucc
1220 1897 1293 1961 tho·

103 2029 130 2068 ra
144 2022 215 2064 rum
237 2022 342 2065 meum
366 2001 484 2065 violare
507 2023 698 2084 praesumas3
723 2001 790 2066 haec
812 2003 876 2066 tria
898 2024 969 2068 cum
992 2003 1180 2080 servaveris,
1208 2003 1294 2086 paci-

145 2105 202 2170 fice
223 2127 345 2172 mecum
374 2109 559 2191 pernoctare
590 2109 720 2191 poteris.
768 2106 885 2172 Parum
916 2113 989 2192 post
1010 2108 1126 2172 satiras
1148 2129 1217 2172 eam
1240 2129 1294 2171 ex·

147 2211 270 2296 plorare
291 2212 402 2290 voluit,
424 2213 451 2275 si
474 2212 624 2277 obediens
647 2213 807 2278 exstiterit
828 2218 861 2278 ct
883 2213 944 2278 ait:
967 2215 1126 2298 oconjnx,
1151 2213 1200 2277 dic
1215 2213 1295 2276 mihi
1373 2201 1383 2227 '

147 2339 261 2382 nomen
284 2321 452 2401 parentum
475 2322 611 2382 tuorum.
657 2315 716 2382 cui
740 2319 813 2384 illa:
839 2341 999 2403 nunquam
1023 2320 1183 2404 genitores
1198 2318 1295 2383 habui

147 2443 214 2508 ega.
273 2421 315 2487 Et
357 2421 488 2486 satirus:
538 2421 601 2486 cito
634 2421 743 2487 dolens
782 2423 899 2488 docta³
942 2446 1012 2489 mea
1051 2424 1187 2508 fregisti.
1251 2421 1297 2487 At

106 2555 133 2594 no
146 2527 203 2594 illa
225 2531 355 2613 propter
382 2527 545 2592 audaciam
577 2531 746 2610 parentum
779 2529 915 2594 setirum
942 2529 1164 2613 blasphemare
1186 2528 1293 2612 eoepit,

147 2638 277 2718 proptor
299 2633 381 2718 quod
405 2634 507 2717 ipsam
529 2633 708 2716 repudiavit
731 2638 763 2698 et
785 2635 913 2699 athoro
931 2656 988 2699 suo
1012 2635 1180 2718 separavit.
1220 2631 1295 2697 Non

147 2739 378 2823 postmultum
407 2738 474 2803 haec
498 2737 660 2802 immunda
683 2740 816 2803 scortari
840 2760 873 2803 se
895 2739 972 2804 fecit
994 2762 1013 2804 a
1036 2739 1173 2823 quodam
1195 2738 1296 2815 asino,

147 2845 264 2910 satirus
292 2848 398 2908 autem
428 2842 490 2907 hoc
520 2842 621 2906 sciens
649 2863 721 2906 cum
744 2843 891 2908 omnibus
914 2843 980 2908 suis
1002 2865 1071 2908 eam
1095 2843 1192 2908 morti
1211 2842 1297 2927 judi·
1414 2925 1417 2932 Ι

147 2949 231 3014 cavit
254 2949 450 3026 tradendam,
473 2947 543 3031 ipsa
565 2967 638 3012 vero
660 2947 800 3012 moriens
823 2949 885 3014 ait:
916 2948 1072 3032 optimum
1102 2953 1150 3012 est
1171 2946 1298 3012 obedire

108 3079 134 3117 as
149 3055 225 3118 viris
248 3055 313 3119 suis
344 3075 380 3118 ae
402 3053 528 3118 servire.
572 3051 794 3116 Inobedientes
824 3052 1010 3137 plerumque
1040 3057 1118 3117 sunt
1139 3051 1296 3129 mulieres,

148 3161 231 3226 unde
253 3159 298 3225 eis
322 3181 387 3223 non
413 3157 566 3242 competit
597 3157 803 3241 principatus.
849 3157 908 3222 Ait
938 3157 1022 3222 enim
1053 3156 1138 3222 Flocl.
1169 3157 1296 3222 XXV⁰r

150 3265 263 3330 mulier
286 3265 314 3329 si
336 3264 551 3348 principatum
574 3261 707 3340 habeat,
741 3263 902 3328 contraria
933 3266 981 3328 est
1007 3263 1075 3328 viro
1098 3285 1164 3327 suo.
1211 3261 1298 3326 Idem

148 3369 259 3436 XXl⁰:
281 3369 394 3435 melius
416 3373 465 3433 est
487 3367 632 3432 habitare
654 3368 689 3430 in
713 3371 798 3432 terra
821 3368 946 3434 deserta
969 3391 1064 3452 quam
1082 3389 1153 3434 cum
1167 3367 1299 3432 muliere

148 3477 255 3540 rixosa
277 3479 309 3539 et
331 3474 492 3540 iracunda.
540 3472 674 3550 Quidam
707 3472 752 3537 sic
778 3473 947 3558 castigavit
970 3477 1091 3538 mutam
1114 3494 1243 3538 uxorem
1267 3475 1300 3536 et

109 3603 136 3641 so
150 3579 402 3657 inobedientem,
442 3577 654 3642 dissimulavit
686 3577 771 3642 enim
803 3579 850 3642 ire
886 3579 924 3643 ad
955 3579 1114 3643 nundinas
1155 3581 1188 3642 et
1218 3576 1300 3641 dixit

149 3684 258 3749 uxori:
292 3683 381 3748 nullo
410 3682 502 3747 modo
534 3681 671 3767 digitum
700 3704 799 3766 ponas
829 3683 862 3747 in
887 3684 1050 3748 ¹foramine
1081 3684 1152 3748 istc.
1198 3681 1300 3765 Seque

150 3788 316 3855 abscondit
338 3788 372 3852 in
395 3788 499 3852 vicina
521 3787 622 3853 domo.
667 3786 755 3852 Uxor
778 3793 883 3852 autem
906 3789 1047 3874 cogitare
1062 3788 1177 3872 coepit:
1202 3807 1300 3871 quare

150 3893 292 3960 inhibuit
313 3893 393 3958 mihi
415 3892 497 3958 hoc?
530 3913 594 3956 non
627 3893 770 3957 obediam
795 3894 823 3957 ei
847 3895 880 3957 in
903 3893 981 3959 hoc!
1011 3891 1069 3958 Sed
1100 3914 1217 3978 magno
1240 3892 1299 3956 im-

150 4005 227 4085 petu
250 4019 380 4065 manum
403 3999 438 4062 in
460 3998 603 4062 foramen
638 3999 735 4064 misit.
779 3998 818 4063 In
841 3999 995 4065 foramine
1017 4020 1091 4064 vero
1116 4003 1207 4064 erant
1225 4019 1300 4063 acu-

110 4105 268 4172 artissimi
290 4103 387 4182 clavi,
418 4104 453 4168 in
476 4102 591 4188 quibus
613 4104 708 4189 digiti
731 4105 780 4169 sui
802 4104 894 4169 infixi
917 4109 1011 4184 sunt,
1042 4102 1126 4168 unde
1153 4125 1220 4188 prae
1241 4125 1301 4169 au·

716 4224 735 4264 a

223 4317 236 4369 l
257 4313 368 4369 Ardere
385 4312 478 4368 lassen
496 4310 698 4382 ›insignitam‹
719 4329 789 4383 vag.
852 4311 1009 4368 2Frs1here
1027 4329 1122 4382 anag:
1141 4327 1303 4382 sympocen·

153 4400 236 4458 tauri.
307 4403 325 4458 8
342 4401 460 4472 Spatcre
478 4418 572 4471 anag:
590 4399 768 4458 documenta.
