3074 4952
677 340 740 401 237

129 511 286 589 credibile,
310 533 440 576 rursum
466 508 627 590 adieretis,
650 503 821 576 leviuscula
843 514 927 588 sunt,
952 532 1054 596 neque
1075 512 1173 597 digna
1195 512 1282 591 satis,

130 639 198 700 quae
218 617 401 681 recitentur.
450 615 527 681 Non
553 616 586 679 in
609 637 645 680 eo
667 617 803 682 vertitur
833 616 1016 700 negotium,
1051 620 1084 682 et
1114 617 1283 682 ridiculum
1392 691 1394 696 ,

130 727 178 786 est
198 721 385 786 institutum
412 724 568 798 restrum,
590 721 643 785 sed
667 721 719 786 hic
741 725 789 786 est
811 721 912 785 nodus
936 720 999 799 ille,
1024 743 1117 804 quem
1142 743 1195 786 vos
1218 742 1285 786 non

128 825 303 910 attingitis:
333 826 481 889 omnium
515 825 658 902 videlicet
687 825 904 890 calamitatum
934 827 967 887 et
993 824 1279 908 perturbationum,

127 930 242 1013 quibus
265 929 360 994 bodie
382 930 566 994 concutitur
588 929 683 1009 orbis,
706 951 761 993 ros
784 950 851 994 esse
874 931 1026 1006 auctores,
1053 933 1084 993 et
1107 931 1184 994 adeo
1207 952 1282 994 con·

126 1037 308 1120 spuroctcm
332 1055 401 1099 csse
431 1034 609 1098 doctrinam
640 1038 774 1098 restrum
806 1054 933 1098 omnem
966 1037 1061 1117 atque
1093 1034 1211 1112 vitam,
1246 1039 1283 1098 ut
1350 1087 1356 1094 .

127 1139 211 1206 nihil
234 1140 376 1218 omniuo,
401 1137 486 1222 quod
509 1139 646 1203 salutare
670 1139 714 1201 sit
736 1142 831 1220 atque
849 1141 981 1216 rectum,
1004 1138 1124 1221 sperari
1140 1138 1178 1202 de
1193 1139 1282 1204 vobis

127 1245 237 1328 possit
284 1241 319 1308 Si
351 1263 426 1306 vero
459 1263 522 1307 non
556 1243 595 1308 ad
619 1241 867 1332 ludificationem
889 1241 1076 1306 instituistis
1098 1243 1179 1307 illud
1201 1243 1282 1309 Vin-

127 1349 292 1414 centiuum
315 1347 503 1427 concilium,
534 1369 590 1413 cur
612 1368 676 1411 uon
708 1347 882 1412 observatis
912 1367 969 1424 ea,
1003 1368 1073 1430 quae
1097 1351 1172 1412 tunc
1194 1350 1283 1415 vobis

127 1453 325 1518 emendanda
347 1473 413 1516 esse
437 1451 634 1532 videbantur,
659 1473 722 1516 non
746 1473 855 1516 revera
877 1451 1014 1536 quidem,
1038 1451 1091 1515 sed
1114 1452 1226 1518 callide
1248 1458 1281 1518 et

128 1559 301 1622 insidiose?
346 1553 436 1621 Num
465 1556 506 1620 ab
538 1577 574 1620 eo
606 1559 746 1640 tempore
776 1556 859 1639 lupae
888 1560 964 1620 sunt
987 1577 1003 1620 e
1025 1557 1138 1622 restris
1160 1558 1280 1623 cedibus

131 1663 260 1746 ejectae?
306 1660 360 1725 An
383 1660 542 1743 impurum
572 1659 661 1724 illam
691 1660 976 1737 nundinationem,
1012 1683 1107 1743 quam
1129 1663 1281 1728 exercetis

130 1768 161 1831 in
186 1767 280 1832 bonis
302 1765 516 1842 ecclesiarum,
540 1764 734 1830 sustulistis?
763 1763 817 1828 An
832 1786 896 1830 uno
912 1765 1018 1849 aliquo
1040 1768 1182 1831 contenti
1206 1769 1280 1832 estis

127 1871 335 1957 episcopatu?
380 1869 467 1934 Num
492 1871 540 1934 vel
562 1870 680 1935 docetis
704 1869 957 1954 ipsi'populum,
990 1871 1039 1935 rel
1070 1873 1184 1936 saltem
1206 1896 1279 1958 pro·

126 1977 262 2054 videtis,
297 1979 336 2039 nt
368 1979 452 2039 recte
485 1974 694 2039 instituetur?
727 1996 767 2038 au
795 1973 901 2058 potius
932 1995 1042 2060 regum
1065 1979 1140 2042 estis
1162 1977 1280 2063 ubique

127 2082 326 2146 sectatores?
364 2077 423 2162 [X]
446 2076 529 2154 Quid
550 2100 569 2142 a
590 2077 679 2144 vobis
702 2079 929 2163 expectandum
954 2083 1012 2159 est,
1037 2081 1091 2162 qui
1114 2081 1216 2147 solum
1240 2084 1280 2148 ud

125 2185 270 2249 fraudem
293 2188 326 2250 et
348 2183 522 2249 ludibrium
545 2184 686 2248 intentos
708 2183 832 2248 habetis
855 2184 1001 2249 animos?
1046 2183 1124 2249 (lum
1147 2185 1209 2250 erit
1232 2188 1277 2251 si·

127 2291 215 2354 milis
245 2295 351 2354 restra
383 2287 547 2366 condicio,
582 2289 685 2373 qualis
717 2289 780 2352 fuit
811 2289 1027 2375 episcoporum
1064 2313 1200 2374 eorum,
1225 2292 1280 2376 qui

126 2394 308 2478 sumptibus
332 2393 459 2477 imperii
476 2392 704 2457 conveniebant
720 2393 758 2456 ad
774 2392 852 2457 illud
869 2393 1108 2458 celeberrimum
1123 2394 1280 2460 Nicenum

124 2499 306 2576 concilium,
329 2497 381 2562 cui
403 2495 508 2560 Caesar
531 2495 759 2561 Constantinus
783 2502 926 2580 preerat,
949 2502 1018 2562 turn
1040 2499 1102 2564 erit
1125 2520 1189 2564 uon
1214 2499 1276 2563 dis·

128 2603 210 2668 ficile
240 2623 298 2667 nec
330 2601 584 2680 incommodum,
618 2601 699 2665 inire
730 2601 891 2672 vobiscum
925 2603 1011 2686 pacis
1043 2608 1076 2668 et
1106 2605 1279 2670 concordiae

696 2777 714 2816 cs

126 2915 270 2982 warrrmb
293 2917 396 2982 thdnd
423 2916 451 2980 ir
475 2915 524 2980 nit
547 2913 627 2980 nach
649 2915 705 2980 der
726 2915 834 2981 selben
857 2914 1009 2982 innhalt‘?
1040 2915 1129 2984 Habt
1150 2920 1179 2986 ir
1202 2919 1279 2988 seit-

127 3023 183 3086 her
206 3023 263 3086 der
284 3021 347 3086 zeit
369 3043 450 3086 ewer
472 3021 675 3087 hdrenwesen
700 3021 898 3107 gemissigt?
922 3022 1000 3087 habt
1015 3024 1043 3086 ir
1060 3025 1110 3088 dia
1125 3032 1279 3110 symouei,

127 3127 265 3204 adoher,
287 3125 351 3190 und
374 3125 435 3188 deu
458 3145 589 3209 grossen
610 3129 693 3191 wdst
714 3127 779 3190 und
803 3125 913 3204 undet,
941 3149 976 3190 so
998 3126 1027 3191 ir
1050 3128 1104 3193 inu
1129 3131 1189 3194 den
1212 3131 1279 3196 kir-
1305 3183 1307 3188 .

126 3231 227 3307 chen,
259 3231 315 3294 das
336 3230 398 3306 ist,
432 3228 489 3292 dcr
511 3251 618 3294 armen
641 3229 707 3295 und
730 3231 941 3315 nottirfftigen
964 3226 1076 3317 gitter,
1112 3235 1281 3299 versamlet

128 3336 195 3400 und
216 3333 378 3418 gehauffet
400 3332 496 3412 habt,
531 3334 713 3420 abgethon?
760 3336 849 3401 Habt
871 3336 916 3400 irs
939 3336 987 3400 bei
1013 3359 1144 3402 ewerem
1168 3339 1278 3404 Consi·

125 3441 225 3506 storio
248 3439 411 3516 erhalten,
443 3439 497 3502 das
519 3439 564 3502 sie
586 3439 654 3504 sich
677 3441 739 3505 mit
760 3443 863 3506 cinern
889 3441 1075 3520 Bisthumb,
1110 3444 1169 3506 mit
1191 3443 1279 3510 einer

128 3545 196 3610 abc
216 3545 292 3609 oder
313 3541 501 3608 Probsteien
524 3539 670 3630 bendgen
700 3545 827 3612 lassent
872 3545 932 3610 Die
954 3545 1191 3613 Cardindlische
1214 3547 1279 3613 Ebt

126 3650 280 3715 residiren
303 3650 349 3714 sie
372 3649 422 3713 bei
457 3649 525 3714 iren
557 3649 740 3715 mllncben‘?
785 3649 862 3715 Was
893 3651 994 3716 hillits
1025 3652 1080 3716 das
1113 3655 1142 3718 ir
1165 3653 1279 3718 Refor-

125 3755 261 3832 mirend,
283 3753 346 3818 und
369 3753 515 3827 dennoch
538 3753 641 3838 gleich
665 3755 748 3818 t'rom
769 3753 934 3819 bleibent?
957 3755 1017 3821 wie
1032 3757 1095 3821 solt
1112 3779 1203 3823 mans
1219 3758 1280 3822 mit

124 3858 204 3926 euch
227 3857 375 3935 calabon,
396 3857 490 3922 dueil
514 3857 542 3922 ir
564 3879 646 3922 cuer
666 3858 750 3922 selbs
771 3858 837 3922 und
860 3858 915 3923 der
937 3865 1073 3944 gautcen
1097 3862 1172 3927 well
1188 3867 1278 3948 spot-

126 3967 221 4030 tent?
274 3963 379 4028 Wenn
413 3984 446 4028 es
480 3963 555 4030 umb
586 3963 665 4029 euch
697 3964 762 4028 und
794 3985 896 4029 swern
930 3966 1023 4030 stnnd
1052 3967 1126 4031 wirt
1159 3965 1280 4052 gethon

125 4071 201 4147 sein,
225 4069 285 4134 wie
308 4091 339 4134 es
362 4069 442 4133 umb
466 4089 565 4133 ewere
587 4069 742 4147 corfarcn,
766 4069 817 4134 die
832 4068 1001 4134 Bisch'dfen
1018 4093 1073 4135 zur
1090 4072 1152 4136 coit
1166 4071 1278 4137 Keiser

125 4173 335 4252 Constantini,
359 4173 483 4259 gethon
506 4195 590 4251 war,
624 4173 741 4239 welche
773 4175 823 4238 uti
850 4173 983 4260 gemelts
1006 4173 1132 4240 Keisers
1155 4177 1279 4256 kosten,

126 4279 186 4342 oud
209 4279 263 4344 des
288 4278 405 4344 Reiohs
431 4277 561 4362 pferden
585 4280 650 4343 und
674 4279 845 4343 uiculoseln
869 4279 971 4363 gehen
991 4279 1090 4344 Nicen
1115 4279 1279 4368 [60].zum

126 4381 262 4450 Concilio
284 4385 418 4460 konnen,
441 4381 490 4446 als
514 4381 563 4447 die
586 4383 636 4448 nit
658 4405 694 4448 so
715 4385 789 4450 l'eist
804 4405 910 4450 waren
926 4382 986 4448 wie
1002 4384 1030 4448 ir
1046 4385 1173 4450 ietcund
1196 4385 1278 4469 sind,
