3172 4962
592 1389 646 1455 De
668 1391 758 1456 sole
780 1391 820 1456 et
841 1389 956 1470 luna,
979 1389 1052 1458 dial.
1081 1395 1108 1456 l.

370 1526 424 1594 sol
447 1534 495 1594 est
525 1530 696 1596 seeundum
716 1529 941 1614 philosophum
963 1529 1072 1596 oeulus
1094 1529 1225 1608 mundi,
1251 1527 1439 1614 jocunditas

283 1633 343 1713 dei,
365 1633 569 1718 pulchritudo
583 1633 665 1714 omli,
688 1655 836 1700 mensura
858 1640 1048 1719 temporum,
1072 1635 1175 1700 virtue
1196 1637 1229 1700 et
1251 1633 1343 1720 origo
1366 1654 1438 1698 om-

282 1738 374 1804 nium
396 1739 605 1816 nascentium,
629 1739 775 1804 domiuus
797 1739 992 1826 plantarum,
1016 1739 1126 1806 doctor
1148 1743 1181 1806 et
1192 1738 1351 1826 perfector
1365 1759 1438 1804 om-

257 1843 372 1908 snium
395 1843 569 1909 stellarum.
615 1843 706 1910 Luna
728 1866 811 1923 vero,
833 1851 871 1909 ut
887 1845 965 1911 dicit
987 1843 1177 1910 Ambrosius
1191 1845 1225 1912 in
1241 1842 1435 1923 Exameron,

283 1951 331 2013 est
352 1947 445 2014 decer
466 1949 586 2028 noetis,
616 1953 717 2016 mater
739 1950 839 2016 totius
862 1949 1005 2014 humeris
1032 1953 1066 2014 et
1095 1948 1254 2027 ministra,
1277 1969 1432 2014 mensura

283 2057 473 2138 temporum,
496 2053 690 2120 dominatrix
711 2056 825 2134 maris,
854 2055 1056 2120 immutatrix
1087 2055 1168 2120 airis
1195 2057 1228 2120 et
1250 2053 1433 2120 aemulatrix

284 2155 369 2235 eolis,
392 2161 425 2221 et
440 2161 571 2242 propter
586 2159 669 2242 quod
686 2162 736 2224 est
749 2159 930 2225 aemulatrix
945 2159 1031 2238 selis,
1054 2157 1115 2224 soli
1130 2159 1251 2244 incepit
1266 2157 1434 2225 detrahere

285 2264 318 2326 et
340 2283 411 2326 eum
434 2259 607 2332 diffamare.
653 2263 708 2332 Sol
730 2269 836 2331 autem
859 2265 919 2330 boe
941 2265 1083 2331 sentiens
1105 2263 1256 2350 loquutus
1278 2253 1331 2330 est
1350 2264 1436 2329 lunae

246 2367 413 2433 edicens:
444 2391 541 2454 quare
570 2370 649 2437 mibi
682 2371 822 2438 detrahis
845 2377 878 2437 et
900 2370 1125 2456 blasphemas?
1154 2369 1225 2457 Ego
1252 2391 1376 2454 semper
1404 2371 1438 2434 te

285 2472 464 2539 illuminavi
487 2479 519 2541 et
541 2476 697 2559 praecessi,
720 2480 757 2541 tu
779 2483 885 2543 autem
908 2497 1031 2560 semper
1053 2495 1104 2541 me
1115 2474 1184 2540 odis
1206 2477 1239 2540 et
1253 2473 1434 2560 impugnas.
1469 2545 1470 2548 Ἴ

285 2577 343 2644 Oui
365 2579 458 2645 luna:
484 2579 592 2645 reeede
615 2603 634 2646 a
656 2603 716 2660 me,
739 2581 868 2665 quiete
890 2600 955 2645 non
977 2580 1086 2666 diligo,
1110 2601 1181 2645 eum
1197 2583 1328 2664 propter
1342 2565 1436 2644 tuum

285 2704 437 2769 magnum
460 2684 660 2768 splendorem
683 2707 742 2772 ego
772 2685 855 2751 nibil
885 2685 1048 2769 appretior
1079 2684 1112 2749 in
1143 2684 1280 2760 mund0;
1311 2683 1340 2748 si
1370 2703 1435 2748 non

285 2809 382 2865 esses,
412 2789 517 2852 seculo
539 2790 700 2874 superlata
722 2812 819 2855 essem
843 2810 911 2875 ego.
958 2787 1017 2854 Oui
1039 2789 1106 2854 sol:
1139 2787 1268 2874 ingrata
1297 2787 1439 2853 sufficiat

245 2909 270 2947 u
284 2890 345 2953 tibi
368 2891 606 2976 magnificentia
627 2898 700 2976 tua3
731 2895 760 2959 si
790 2914 850 2982 ego
872 2894 906 2958 in
935 2893 995 2972 die,
1026 2897 1063 2958 tu
1095 2913 1168 2957 vero
1190 2891 1225 2956 in
1248 2893 1341 2956 noete
1363 2911 1437 2975 per·

284 2994 410 3060 lustras.
466 2995 657 3064 Obediemue
689 3019 766 3084 ergo
799 2998 935 3064 creatori
970 3000 1080 3062 nostro
1108 3000 1141 3062 et
1172 2995 1241 3062 noli
1271 2993 1437 3079 superbire

284 3123 377 3185 super
400 3122 460 3178 me,
482 3101 536 3166 sed
559 3123 609 3167 me
629 3101 780 3187 permitte
801 3103 905 3168 lucere
926 3101 961 3166 in
982 3101 1034 3166 die
1056 3122 1092 3166 au
1113 3100 1198 3166 bena
1220 3099 1340 3165 domini
1364 3120 1437 3164 mu·

286 3205 364 3272 nire.
409 3205 500 3273 Luna
523 3228 596 3273 vere
618 3207 721 3294 magis
744 3208 885 3273 animata
907 3206 1039 3272 recessit
1062 3227 1134 3272 eum
1149 3205 1256 3270 furore
1278 3207 1312 3269 et
1325 3203 1437 3270 stelles

285 3311 325 3376 ad
348 3331 381 3375 se
403 3312 551 3379 clamavit
573 3313 824 3399 aggregaritque
846 3333 999 3398 magnum
1021 3309 1195 3376 exereitum
1221 3313 1254 3374 et
1276 3330 1346 3374 eum
1371 3309 1438 3374 sole

246 3446 272 3484 ao
287 3416 427 3502 proeliari
450 3419 555 3502 eoepit.
601 3417 744 3503 Sagittae
758 3417 845 3484 euim
863 3416 1013 3482 mittebat
1029 3415 1177 3481 adversus
1194 3414 1294 3480 selem
1315 3417 1438 3478 etcum

282 3522 396 3606 jaculis
428 3527 592 3606 pereutere
621 3522 793 3588 nitebatur.
840 3520 895 3587 Sol
923 3525 1031 3586 autem
1059 3540 1133 3586 eum
1165 3522 1248 3584 esset
1277 3515 1435 3602 superius,

286 3626 447 3692 deseendit
476 3633 508 3692 et
530 3629 637 3692 lunam
661 3649 731 3693 eum
762 3648 913 3692 mucrene
941 3625 1079 3710 partitus
1108 3628 1158 3689 est
1186 3627 1219 3688 et
1243 3621 1352 3687 stellas
1383 3621 1438 3685 de-

282 3731 359 3815 jecit
380 3731 502 3798 dieens:
534 3733 580 3798 sie
602 3755 735 3818 semper,
759 3754 830 3799 eum
853 3731 914 3797 eris
936 3729 1091 3808 rotunda,
1114 3727 1228 3794 faeiem
1252 3726 1323 3793 tibi.
1368 3723 1440 3790 Hae

286 3835 371 3900 enim
394 3836 431 3901 de
453 3859 556 3914 eausa,
581 3842 616 3902 ut
638 3837 755 3904 fabulae
778 3838 898 3914 dieunt,
922 3836 1000 3901 luna
1021 3855 1187 3920 uunquam
1205 3823 1348 3898 'rotunda
1363 3850 1437 3915 per-

246 3967 272 4008 ae
285 3943 393 4006 manet
422 3946 455 4005 et
480 3942 580 4007 stellae
602 3964 709 4007 easum
732 3941 860 4006 babent.
906 3939 998 4005 Luna
1028 3959 1105 4024 ergo
1135 3935 1267 4002 eoufusa
1289 3934 1323 3998 in
1346 3953 1445 3998 rere·-

191 4031 193 4035 ’
286 4047 402 4111 cundia
424 4046 542 4112 uransit
567 4047 690 4112 dicens:
718 4045 878 4132 turgidam
904 4045 1016 4110 melius
1038 4042 1154 4128 partiri
1175 4044 1245 4106 erat
1267 4059 1362 4124 quam
1385 4041 1438 4102 to·

286 4154 353 4216 tam
377 4151 488 4237 perire.
534 4150 586 4218 sie
615 4151 699 4216 euim
732 4151 827 4218 multi
856 4149 985 4235 superbi
1006 4151 1039 4213 et
1061 4147 1137 4212 elati
1160 4146 1274 4212 volunt
1294 4143 1357 4208 sibi
1380 4141 1439 4208 do·

286 4255 401 4319 minari
419 4275 489 4338 ,nee
517 4255 711 4339 superiorem
743 4255 795 4320 vel
829 4254 966 4320 similem
999 4250 1135 4336 eupiunt
1165 4249 1291 4316 babere.
1344 4245 1441 4314 Unde

286 4359 392 4445 glosa:
425 4359 573 4444 superbia
598 4364 648 4427 est
668 4360 765 4427 elatio
788 4362 1010 4444 incensaque
1032 4355 1237 4423 inferioribus
1260 4353 1439 4440 despiciens
