3172 4962
817 349 879 412 160

264 527 296 588 ct
318 521 441 609 angelis
465 523 531 607 ejus
554 522 616 588 eris
639 522 743 588 vilior.
789 521 938 598 Quosdam
961 523 1090 589 domins
1112 523 1174 589 fuit
1189 523 1299 589 Rcmae
1317 524 1419 586 tentae

265 627 456 694 humilitatis
484 633 517 692 ct
538 628 740 707 reverentie,
771 629 855 712 quod
879 631 918 696 od
940 630 1040 694 altare
1069 629 1236 718 indignam
1266 651 1301 694 sc
1321 649 1417 712 repu-

265 733 355 798 tabat
377 723 531 810 accedere,
554 737 586 796 et
608 753 720 816 corpus
743 731 864 798 Christi
886 755 957 798 cum
981 734 1164 815 levabatur,
1194 734 1360 819 indignam
1383 753 1417 796 se

264 836 432 921 reputcbct
455 837 568 902 videre.
613 836 705 901 Unde
727 836 857 917 eccidit,
887 838 971 921 quod
1002 859 1073 904 cum
1107 838 1203 904 simul
1235 837 1416 904 communio

239 943 355 1006 ufieret
378 942 412 1004 in
434 941 560 1024 populo,
584 941 653 1025 ipss
675 963 731 1025 per
755 941 887 1006 nimiam
910 942 1128 1008 humilitatem
1150 948 1182 1009 et
1204 942 1415 1008 reverentiam

264 1047 303 1112 ed
334 1046 548 1130 recipiendum
580 1067 643 1110 uon
672 1045 848 1112 accedebat.
901 1045 993 1136 Unde
1024 1046 1132 1113 divino
1162 1047 1316 1113 miraculo
1347 1046 1413 1111 fec-

263 1154 333 1214 tum
356 1153 413 1228 est,
437 1155 473 1214 ut
495 1171 551 1235 per
574 1149 760 1229 columbum,
784 1149 991 1233 accipientem
1014 1151 1152 1217 hostium
1175 1152 1213 1217 de
1236 1150 1340 1230 sltem,
1365 1151 1413 1214 vi·

262 1253 356 1319 dente
377 1254 496 1338 populo
518 1256 748 1321 communicato
769 1253 841 1319 fuit.

522 1426 579 1494 De
600 1450 698 1492 curo
721 1432 762 1493 et
783 1433 986 1514 argento,
1010 1430 1084 1495 dial.
1109 1434 1160 1496 20.

226 1591 249 1628 u
351 1571 474 1636 Aurum
497 1570 536 1634 od
558 1575 728 1654 argentum
750 1571 904 1654 processit
926 1576 959 1636 et
978 1572 1042 1637 sits
1064 1571 1177 1656 gaude,
1200 1570 1310 1646 freter,
1333 1591 1413 1653 quo-

261 1674 347 1739 nism
379 1674 464 1738 inter
493 1673 622 1738 metelle
650 1674 865 1758 principatum
895 1678 1058 1754 tenemus,
1092 1677 1201 1760 ithus
1222 1675 1247 1738 si
1271 1694 1415 1738 connexu

262 1779 356 1843 simul
379 1778 542 1858 fuerimus,
566 1777 669 1863 magis
692 1778 879 1843 sublimiora
900 1779 1028 1844 crimus.
1073 1779 1125 1845 Ad
1147 1780 1207 1845 hoc
1223 1799 1411 1863 responsum

261 1883 348 1948 dedit
370 1882 492 1948 dicens:
525 1882 555 1945 id
589 1882 671 1965 quod
705 1881 800 1962 dicis,
831 1881 950 1961 frater,
982 1883 1148 1948 caritative
1178 1884 1274 1960 dicis,
1303 1885 1413 1947 temen

262 1988 434 2065 considero,
458 1986 540 2071 quod
563 1986 696 2050 rubeum
719 1986 816 2052 habes
839 1985 974 2052 colorem
995 2008 1116 2074 egoque
1138 1987 1265 2064 cibum,
1289 2007 1414 2052 necnon

223 2108 248 2148 1⁶
262 2092 380 2176 cogito,
405 2091 488 2174 quod
511 2093 619 2177 magni
652 2092 748 2176 pretii
778 2096 811 2158 et
833 2093 949 2158 vnloris
978 2115 1010 2158 es
1040 2096 1094 2173 tu,
1126 2098 1318 2177 quapropter
1350 2113 1413 2177 ego

260 2200 348 2280 puto,
373 2194 455 2278 quod
479 2195 561 2259 sicut
582 2195 683 2260 diviso
705 2201 738 2261 et
759 2197 920 2262 contraris
934 2217 1042 2261 sumus
1060 2197 1094 2261 in
1117 2197 1222 2263 colore
1244 2201 1277 2262 ct
1298 2199 1413 2281 pretio,

261 2301 306 2365 sic
327 2299 444 2366 erimus
467 2299 500 2364 in
524 2299 705 2380 voluntate,
729 2300 813 2366 unde
836 2301 947 2366 melius
970 2305 1035 2381 cst,
1060 2323 1124 2367 non
1151 2302 1290 2387 incipere
1316 2325 1413 2386 quom

261 2405 301 2470 sb
324 2405 450 2488 incepto
471 2426 530 2469 nos
552 2407 720 2470 retrahere.
760 2403 802 2470 nt
824 2406 990 2490 adjunxit:
1013 2428 1176 2490 nunquam
1191 2428 1249 2472 nos
1272 2407 1413 2492 aequipe·

260 2532 364 2576 remus
387 2531 458 2574 cum
481 2508 686 2593 magnetibus
708 2530 766 2574 nec
794 2513 928 2588 stemus,
960 2511 1035 2593 quis
1065 2510 1182 2576 dicitur
1203 2509 1286 2576 Eccl.
1310 2510 1409 2576 ΧΙΠ0

220 2631 246 2670 ²⁰
260 2614 383 2700 pondus
415 2635 509 2697 super
538 2635 571 2678 se
601 2613 688 2678 tollit
720 2613 775 2697 qui
809 2613 986 2679 honestiori
1020 2636 1054 2679 se
1084 2615 1261 2700 conjungit.
1318 2616 1412 2682 Unde

260 2719 356 2784 ctiam
379 2717 494 2784 dicitur
516 2716 654 2781 ibidem:
676 2716 784 2782 ditiori
799 2721 832 2782 tc
848 2739 888 2782 ue
904 2718 1002 2782 fueris
1018 2718 1129 2783 socius.
1176 2718 1311 2804 Propter
1327 2723 1411 2804 quod

259 2823 338 2888 dicit
359 2822 583 2908 philosophus:
607 2822 661 2887 ubi
685 2845 805 2910 pauper
829 2827 941 2888 contre
963 2823 1095 2888 divitem
1118 2823 1276 2888 inimicari
1300 2827 1408 2910 coepit,

259 2928 351 3013 perit.
396 2924 496 2991 Prcut
517 2926 615 2991 refert
638 2925 779 3011 Esopus,
809 2927 893 3010 quod
916 2947 1027 3012 capro,
1051 2928 1173 2992 oviset
1196 2929 1287 2992 asina
1308 2928 1412 2994 foedus

259 3037 292 3096 et
322 3030 506 3097 societotcm
538 3029 634 3094 simul
663 3051 734 3096 cum
765 3029 857 3095 leone
886 3031 1046 3110 fecerunt,
1077 3035 1113 3095 ut
1144 3031 1230 3096 irent
1262 3037 1431 3118 vcnctum¹

221 3151 246 3188 ²⁵
260 3137 329 3222 peri
347 3135 458 3213 formu,
483 3140 515 3199 et
528 3133 623 3199 simul
641 3155 750 3199 omncs
765 3139 918 3220 ceperunt
933 3156 1069 3200 cervum.
1109 3134 1150 3200 In
1167 3136 1320 3202 divisione
1338 3159 1410 3202 sero

260 3243 342 3308 dixit
363 3240 432 3307 lec:
465 3262 525 3326 ego
554 3263 628 3306 vcro
660 3241 750 3306 hores
781 3241 893 3325 primae
915 3243 1036 3325 pertis,
1068 3263 1141 3305 num
1166 3243 1288 3325 primus
1310 3241 1413 3308 honor

260 3353 308 3414 est
331 3346 430 3425 mihi,
461 3353 493 3411 et
521 3347 624 3432 primu
656 3368 714 3412 vox
745 3346 886 3411 defendit
921 3346 1002 3411 mihi
1033 3350 1158 3431 partem
1189 3347 1359 3413 secundam
1381 3353 1415 3414 ct

260 3455 362 3539 mejcr
383 3452 474 3516 labor
497 3453 551 3515 dat
575 3452 654 3516 mihi
679 3453 824 3531 tertium,
857 3457 889 3517 et
920 3459 1034 3536 quarta
1063 3475 1137 3538 psrs
1172 3453 1231 3516 uisi
1260 3475 1330 3519 mec
1358 3455 1411 3534 sit,

260 3557 376 3622 initum
409 3557 511 3622 foedus
544 3579 699 3641 rumpam.
751 3556 794 3621 ut
828 3557 888 3623 hoc
921 3557 1028 3625 dicens
1063 3559 1159 3642 coepit
1188 3561 1305 3622 terram
1339 3581 1413 3643 per-

220 3675 247 3714 ⁸0
260 3667 367 3728 cuterc
399 3662 496 3728 caude
529 3667 562 3727 et
594 3663 726 3729 fremere
761 3653 919 3728 dentibus.
973 3661 1135 3728 Timentes
1168 3668 1271 3728 cutem
1303 3685 1412 3730 omnes

259 3767 450 3832 dimiserunt
481 3789 608 3832 cervum
644 3770 748 3831 totum
786 3765 880 3831 leoni.
940 3765 1032 3830 Unde
1071 3769 1160 3850 pctet
1197 3766 1282 3850 quod
1320 3769 1412 3832 debet

258 3873 321 3938 sibi
343 3874 439 3938 homo
460 3893 646 3956 praeccverc,
672 3894 710 3936 ne
733 3875 855 3937 statuat
877 3872 1059 3936 societatem
1084 3893 1155 3935 cum
1178 3871 1412 3953 potentioribus

259 3999 301 4057 sc,
325 3979 400 4061 quic
422 3999 546 4062 semper
561 3977 693 4042 hebebit
708 3976 846 4062 pejorem
864 3981 998 4061 partem,
1025 3980 1059 4040 et
1072 3975 1229 4040 communi
1245 3976 1413 4059 proverbio

238 4079 393 4150 'diuitum
416 4106 523 4150 ceraso
545 4105 617 4149 cum
641 4083 777 4149 dominis
801 4104 865 4148 non
889 4083 1019 4148 consulo
1042 4082 1190 4147 mandere
1212 4083 1320 4160 servis,
1347 4083 1411 4147 tol·

221 4199 247 4238 ⁸⁶
259 4189 332 4254 lunt
353 4194 497 4267 motura,
527 4189 581 4253 sed
604 4187 773 4254 dimittunt
795 4187 855 4253 tibi
878 4187 967 4254 duro.
1013 4186 1055 4252 Et
1078 4185 1147 4251 ideo
1170 4185 1249 4251 dicit
1270 4185 1410 4269 Escpus:

825 4309 843 4348 s

331 4415 344 4468 1
364 4411 558 4469 Geuohnlich:
576 4429 683 4470 cernes.
