<?xml version="1.0" encoding="UTF-8"?>
<!DOCTYPE html PUBLIC "-//W3C//DTD XHTML 1.0 Transitional//EN"
    "http://www.w3.org/TR/xhtml1/DTD/xhtml1-transitional.dtd">
<html xmlns="http://www.w3.org/1999/xhtml" xml:lang="en" lang="en">
 <head>
  <title>
</title>
<meta http-equiv="Content-Type" content="text/html;charset=utf-8" />
  <meta name='ocr-system' content='tesseract 3.04.00' />
  <meta name='ocr-capabilities' content='ocr_page ocr_carea ocr_par ocr_line ocrx_word'/>
</head>
<body>
  <div class='ocr_page' id='page_1' title='image "./zweiredenankais02sleigoog/zweiredenankais02sleigoog_0225.png"; bbox 0 0 3082 4938; ppageno 0'>
   <div class='ocr_carea' id='block_1_1' title="bbox 804 281 867 344">
    <p class='ocr_par' dir='ltr' id='par_1_1' title="bbox 804 281 867 344">
     <span class='ocr_line' id='line_1_1' title="bbox 804 281 867 344; baseline 0.032 -2"><span class='ocrx_word' id='word_1_1' title='bbox 804 281 867 344; x_wconf 79' lang='lat'><strong>216</strong></span> 
     </span>
    </p>
   </div>
   <div class='ocr_carea' id='block_1_2' title="bbox 257 449 1415 1168">
    <p class='ocr_par' dir='ltr' id='par_1_2' title="bbox 257 449 1415 1168">
     <span class='ocr_line' id='line_1_2' title="bbox 257 449 1412 537; baseline -0.005 -15"><span class='ocrx_word' id='word_1_2' title='bbox 257 457 366 522; x_wconf 87' lang='lat' dir='ltr'><strong>larunt</strong></span> <span class='ocrx_word' id='word_1_3' title='bbox 389 454 496 520; x_wconf 87' lang='lat' dir='ltr'><strong>omnia</strong></span> <span class='ocrx_word' id='word_1_4' title='bbox 517 453 670 520; x_wconf 84' lang='lat' dir='ltr'><strong>salutaria</strong></span> <span class='ocrx_word' id='word_1_5' title='bbox 692 454 824 530; x_wconf 88' lang='lat' dir='ltr'><strong>decreta,</strong></span> <span class='ocrx_word' id='word_1_6' title='bbox 848 475 950 537; x_wconf 88' lang='lat' dir='ltr'><strong>neque</strong></span> <span class='ocrx_word' id='word_1_7' title='bbox 974 453 1071 537; x_wconf 82' lang='lat' dir='ltr'><strong>pudet</strong></span> <span class='ocrx_word' id='word_1_8' title='bbox 1093 474 1163 531; x_wconf 87' lang='lat' dir='ltr'><strong>eos,</strong></span> <span class='ocrx_word' id='word_1_9' title='bbox 1195 449 1278 516; x_wconf 87' lang='lat' dir='ltr'><strong>nihil</strong></span> <span class='ocrx_word' id='word_1_10' title='bbox 1301 471 1412 516; x_wconf 86' lang='lat' dir='ltr'><strong>eorum</strong></span> 
     </span>
     <span class='ocr_line' id='line_1_3' title="bbox 257 555 1411 644; baseline -0.003 -18"><span class='ocrx_word' id='word_1_11' title='bbox 257 562 433 636; x_wconf 81' lang='lat' dir='ltr'><strong>observare,</strong></span> <span class='ocrx_word' id='word_1_12' title='bbox 456 579 514 624; x_wconf 84' lang='lat' dir='ltr'><strong>uec</strong></span> <span class='ocrx_word' id='word_1_13' title='bbox 535 559 567 623; x_wconf 92' lang='lat' dir='ltr'><strong>id</strong></span> <span class='ocrx_word' id='word_1_14' title='bbox 591 559 692 637; x_wconf 91' lang='lat' dir='ltr'><strong>modo,</strong></span> <span class='ocrx_word' id='word_1_15' title='bbox 716 559 770 624; x_wconf 90' lang='lat' dir='ltr'><strong>sed</strong></span> <span class='ocrx_word' id='word_1_16' title='bbox 793 558 974 644; x_wconf 79' lang='lat' dir='ltr'><strong>gloriantur</strong></span> <span class='ocrx_word' id='word_1_17' title='bbox 996 559 1109 635; x_wconf 84' lang='lat' dir='ltr'><strong>etiam,</strong></span> <span class='ocrx_word' id='word_1_18' title='bbox 1133 557 1194 622; x_wconf 89' lang='lat' dir='ltr'><strong>hoo</strong></span> <span class='ocrx_word' id='word_1_19' title='bbox 1214 555 1330 636; x_wconf 88' lang='lat' dir='ltr'><strong>licere,</strong></span> <span class='ocrx_word' id='word_1_20' title='bbox 1354 577 1411 622; x_wconf 87' lang='lat' dir='ltr'><strong>ue·</strong></span> 
     </span>
     <span class='ocr_line' id='line_1_4' title="bbox 258 663 1412 749; baseline -0.001 -20"><span class='ocrx_word' id='word_1_21' title='bbox 258 687 317 748; x_wconf 86' lang='lat' dir='ltr'><strong>que</strong></span> <span class='ocrx_word' id='word_1_22' title='bbox 341 685 431 747; x_wconf 88' lang='lat' dir='ltr'><strong>posse</strong></span> <span class='ocrx_word' id='word_1_23' title='bbox 453 663 538 747; x_wconf 86' lang='lat' dir='ltr'><strong>ipsos</strong></span> <span class='ocrx_word' id='word_1_24' title='bbox 561 664 634 730; x_wconf 89' lang='lat' dir='ltr'><strong>ullis</strong></span> <span class='ocrx_word' id='word_1_25' title='bbox 658 665 813 748; x_wconf 87' lang='lat' dir='ltr'><strong>majorum</strong></span> <span class='ocrx_word' id='word_1_26' title='bbox 836 687 963 730; x_wconf 91' lang='lat' dir='ltr'><strong>suorum</strong></span> <span class='ocrx_word' id='word_1_27' title='bbox 987 664 1111 749; x_wconf 83' lang='lat' dir='ltr'><strong>legibus</strong></span> <span class='ocrx_word' id='word_1_28' title='bbox 1134 663 1290 749; x_wconf 78' lang='lat' dir='ltr'><strong>astringi,</strong></span> <span class='ocrx_word' id='word_1_29' title='bbox 1327 665 1412 746; x_wconf 91' lang='lat' dir='ltr'><strong>quod</strong></span> 
     </span>
     <span class='ocr_line' id='line_1_5' title="bbox 257 765 1412 853; baseline -0.002 -19"><span class='ocrx_word' id='word_1_30' title='bbox 257 791 315 853; x_wconf 89' lang='lat' dir='ltr'><strong>par</strong></span> <span class='ocrx_word' id='word_1_31' title='bbox 337 768 370 832; x_wconf 92' lang='lat' dir='ltr'><strong>in</strong></span> <span class='ocrx_word' id='word_1_32' title='bbox 394 789 502 852; x_wconf 88' lang='lat' dir='ltr'><strong>parem</strong></span> <span class='ocrx_word' id='word_1_33' title='bbox 526 766 645 832; x_wconf 83' lang='lat' dir='ltr'><strong>nullam</strong></span> <span class='ocrx_word' id='word_1_34' title='bbox 669 767 784 833; x_wconf 88' lang='lat' dir='ltr'><strong>habeat</strong></span> <span class='ocrx_word' id='word_1_35' title='bbox 808 771 1012 851; x_wconf 67' lang='lat' dir='ltr'><strong>potestatem</strong></span> <span class='ocrx_word' id='word_1_36' title='bbox 1035 768 1150 832; x_wconf 84' lang='lat' dir='ltr'><strong>ideireo</strong></span> <span class='ocrx_word' id='word_1_37' title='bbox 1172 765 1309 832; x_wconf 87' lang='lat' dir='ltr'><strong>liberum</strong></span> <span class='ocrx_word' id='word_1_38' title='bbox 1332 767 1412 852; x_wconf 88' lang='lat' dir='ltr'><strong>ipsis</strong></span> 
     </span>
     <span class='ocr_line' id='line_1_6' title="bbox 258 872 1415 958; baseline 0.002 -22"><span class='ocrx_word' id='word_1_39' title='bbox 258 877 289 937; x_wconf 90' lang='lat' dir='ltr'><strong>et</strong></span> <span class='ocrx_word' id='word_1_40' title='bbox 312 873 474 958; x_wconf 82' lang='lat' dir='ltr'><strong>integrum</strong></span> <span class='ocrx_word' id='word_1_41' title='bbox 497 895 581 951; x_wconf 89' lang='lat' dir='ltr'><strong>esse,</strong></span> <span class='ocrx_word' id='word_1_42' title='bbox 617 877 737 939; x_wconf 86' lang='lat' dir='ltr'><strong>veteres</strong></span> <span class='ocrx_word' id='word_1_43' title='bbox 759 874 929 958; x_wconf 81' lang='lat' dir='ltr'><strong>abrogare,</strong></span> <span class='ocrx_word' id='word_1_44' title='bbox 965 878 1061 956; x_wconf 88' lang='lat' dir='ltr'><strong>atque</strong></span> <span class='ocrx_word' id='word_1_45' title='bbox 1082 872 1205 938; x_wconf 84' lang='lat' dir='ltr'><strong>sancire</strong></span> <span class='ocrx_word' id='word_1_46' title='bbox 1228 893 1348 950; x_wconf 87' lang='lat' dir='ltr'><strong>novas,</strong></span> <span class='ocrx_word' id='word_1_47' title='bbox 1383 874 1415 938; x_wconf 94' lang='lat' dir='ltr'><strong>id</strong></span> 
     </span>
     <span class='ocr_line' id='line_1_7' title="bbox 258 975 1413 1062; baseline 0 -20"><span class='ocrx_word' id='word_1_48' title='bbox 258 978 342 1062; x_wconf 93' lang='lat' dir='ltr'><strong>quod</strong></span> <span class='ocrx_word' id='word_1_49' title='bbox 365 975 536 1062; x_wconf 75' lang='lat' dir='ltr'><strong>diligenter</strong></span> <span class='ocrx_word' id='word_1_50' title='bbox 558 981 590 1042; x_wconf 83' lang='lat' dir='ltr'><strong>et</strong></span> <span class='ocrx_word' id='word_1_51' title='bbox 612 979 751 1044; x_wconf 77' lang='lat' dir='ltr'>studiose</span> <span class='ocrx_word' id='word_1_52' title='bbox 772 977 917 1044; x_wconf 83' lang='lat' dir='ltr'><strong>feceruut</strong></span> <span class='ocrx_word' id='word_1_53' title='bbox 945 979 1050 1042; x_wconf 83' lang='lat' dir='ltr'><strong>etiam.</strong></span> <span class='ocrx_word' id='word_1_54' title='bbox 1098 977 1291 1059; x_wconf 77' lang='lat' dir='ltr'><strong>Quocunque</strong></span> <span class='ocrx_word' id='word_1_55' title='bbox 1325 979 1413 1042; x_wconf 88' lang='lat' dir='ltr'><strong>enim</strong></span> 
     </span>
     <span class='ocr_line' id='line_1_8' title="bbox 259 1081 1415 1168; baseline 0.001 -20"><span class='ocrx_word' id='word_1_56' title='bbox 259 1084 343 1168; x_wconf 90' lang='lat' dir='ltr'><strong>ipsos</strong></span> <span class='ocrx_word' id='word_1_57' title='bbox 366 1084 474 1168; x_wconf 81' lang='lat' dir='ltr'><strong>rapuit</strong></span> <span class='ocrx_word' id='word_1_58' title='bbox 496 1083 639 1162; x_wconf 81' lang='lat' dir='ltr'><strong>avaritia,</strong></span> <span class='ocrx_word' id='word_1_59' title='bbox 663 1081 765 1148; x_wconf 79' lang='lat' dir='ltr'><strong>fasius</strong></span> <span class='ocrx_word' id='word_1_60' title='bbox 788 1087 820 1148; x_wconf 83' lang='lat' dir='ltr'><strong>et</strong></span> <span class='ocrx_word' id='word_1_61' title='bbox 842 1082 993 1160; x_wconf 90' lang='lat' dir='ltr'><strong>ambitio,</strong></span> <span class='ocrx_word' id='word_1_62' title='bbox 1026 1103 1091 1147; x_wconf 88' lang='lat' dir='ltr'><strong>non</strong></span> <span class='ocrx_word' id='word_1_63' title='bbox 1114 1085 1189 1146; x_wconf 89' lang='lat' dir='ltr'><strong>sunt</strong></span> <span class='ocrx_word' id='word_1_64' title='bbox 1213 1081 1326 1163; x_wconf 85' lang='lat' dir='ltr'><strong>veriti,</strong></span> <span class='ocrx_word' id='word_1_65' title='bbox 1361 1083 1415 1149; x_wconf 90' lang='lat' dir='ltr'><strong>de·</strong></span> 
     </span>
    </p>
   </div>
   <div class='ocr_carea' id='block_1_3' title="bbox 258 1186 1512 1279">
    <p class='ocr_par' dir='ltr' id='par_1_3' title="bbox 258 1186 1512 1279">
     <span class='ocr_line' id='line_1_9' title="bbox 258 1186 1512 1279; baseline 0.002 -27"><span class='ocrx_word' id='word_1_66' title='bbox 258 1193 380 1254; x_wconf 85' lang='lat' dir='ltr'><strong>oretum</strong></span> <span class='ocrx_word' id='word_1_67' title='bbox 402 1189 548 1272; x_wconf 81' lang='lat' dir='ltr'><strong>aliquod,</strong></span> <span class='ocrx_word' id='word_1_68' title='bbox 583 1189 722 1272; x_wconf 85' lang='lat' dir='ltr'><strong>ipsorum</strong></span> <span class='ocrx_word' id='word_1_69' title='bbox 745 1189 1016 1279; x_wconf 80' lang='lat' dir='ltr'><strong>accommodatum</strong></span> <span class='ocrx_word' id='word_1_70' title='bbox 1038 1186 1223 1264; x_wconf 85' lang='lat' dir='ltr'><strong>affectibus,</strong></span> <span class='ocrx_word' id='word_1_71' title='bbox 1257 1187 1352 1253; x_wconf 88' lang='lat' dir='ltr'><strong>edere</strong></span> <span class='ocrx_word' id='word_1_72' title='bbox 1384 1193 1417 1254; x_wconf 87' lang='lat' dir='ltr'><strong>et</strong></span> <span class='ocrx_word' id='word_1_73' title='bbox 1511 1223 1512 1240; x_wconf 45' lang='grc' dir='ltr'>ι</span> 
     </span>
    </p>
   </div>
   <div class='ocr_carea' id='block_1_4' title="bbox 259 1289 1449 4416">
    <p class='ocr_par' dir='ltr' id='par_1_4' title="bbox 259 1289 1390 1379">
     <span class='ocr_line' id='line_1_10' title="bbox 259 1289 1390 1379; baseline -0.003 -21"><span class='ocrx_word' id='word_1_74' title='bbox 259 1294 390 1360; x_wconf 88' lang='lat' dir='ltr'><strong>sancire.</strong></span> <span class='ocrx_word' id='word_1_75' title='bbox 437 1295 514 1372; x_wconf 79' lang='lat' dir='ltr'><strong>Qua</strong></span> <span class='ocrx_word' id='word_1_76' title='bbox 536 1315 612 1358; x_wconf 90' lang='lat' dir='ltr'><strong>sane</strong></span> <span class='ocrx_word' id='word_1_77' title='bbox 635 1317 684 1358; x_wconf 87' lang='lat' dir='ltr'><strong>res</strong></span> <span class='ocrx_word' id='word_1_78' title='bbox 708 1314 764 1360; x_wconf 89' lang='lat' dir='ltr'><strong>neo</strong></span> <span class='ocrx_word' id='word_1_79' title='bbox 787 1293 909 1358; x_wconf 90' lang='lat' dir='ltr'><strong>laudari</strong></span> <span class='ocrx_word' id='word_1_80' title='bbox 931 1295 1037 1376; x_wconf 81' lang='lat' dir='ltr'><strong>potest</strong></span> <span class='ocrx_word' id='word_1_81' title='bbox 1058 1312 1116 1356; x_wconf 90' lang='lat' dir='ltr'><strong>neo</strong></span> <span class='ocrx_word' id='word_1_82' title='bbox 1139 1289 1305 1379; x_wconf 68' lang='lat' dir='ltr'><strong>tolerari!</strong></span> <span class='ocrx_word' id='word_1_83' title='bbox 1388 1339 1390 1344; x_wconf 84' lang='lat'>-</span> 
     </span>
    </p>

    <p class='ocr_par' dir='ltr' id='par_1_5' title="bbox 260 1395 1418 1690">
     <span class='ocr_line' id='line_1_11' title="bbox 346 1395 1417 1482; baseline -0.002 -18"><span class='ocrx_word' id='word_1_84' title='bbox 346 1398 429 1464; x_wconf 89' lang='lat' dir='ltr'><strong>Nam</strong></span> <span class='ocrx_word' id='word_1_85' title='bbox 453 1398 535 1482; x_wconf 93' lang='lat' dir='ltr'><strong>quod</strong></span> <span class='ocrx_word' id='word_1_86' title='bbox 558 1397 730 1476; x_wconf 88' lang='lat' dir='ltr'><strong>affirmant,</strong></span> <span class='ocrx_word' id='word_1_87' title='bbox 755 1420 812 1482; x_wconf 90' lang='lat' dir='ltr'><strong>pro</strong></span> <span class='ocrx_word' id='word_1_88' title='bbox 834 1397 957 1462; x_wconf 86' lang='lat' dir='ltr'><strong>ratione</strong></span> <span class='ocrx_word' id='word_1_89' title='bbox 978 1401 1156 1481; x_wconf 86' lang='lat' dir='ltr'><strong>temporum</strong></span> <span class='ocrx_word' id='word_1_90' title='bbox 1181 1395 1299 1460; x_wconf 86' lang='lat' dir='ltr'><strong>mutari</strong></span> <span class='ocrx_word' id='word_1_91' title='bbox 1321 1417 1417 1480; x_wconf 87' lang='lat' dir='ltr'><strong>posse</strong></span> 
     </span>
     <span class='ocr_line' id='line_1_12' title="bbox 260 1500 1418 1589; baseline -0.002 -21"><span class='ocrx_word' id='word_1_92' title='bbox 260 1505 366 1589; x_wconf 79' lang='lat' dir='ltr'><strong>leges,</strong></span> <span class='ocrx_word' id='word_1_93' title='bbox 399 1503 530 1568; x_wconf 88' lang='lat' dir='ltr'><strong>minime</strong></span> <span class='ocrx_word' id='word_1_94' title='bbox 550 1503 641 1586; x_wconf 83' lang='lat' dir='ltr'><strong>juvat</strong></span> <span class='ocrx_word' id='word_1_95' title='bbox 663 1525 789 1568; x_wconf 89' lang='lat' dir='ltr'><strong>causam</strong></span> <span class='ocrx_word' id='word_1_96' title='bbox 811 1503 960 1586; x_wconf 90' lang='lat' dir='ltr'><strong>ipsorum.</strong></span> <span class='ocrx_word' id='word_1_97' title='bbox 1007 1501 1077 1566; x_wconf 89' lang='lat' dir='ltr'><strong>Hoc</strong></span> <span class='ocrx_word' id='word_1_98' title='bbox 1099 1500 1185 1565; x_wconf 90' lang='lat' dir='ltr'><strong>euim</strong></span> <span class='ocrx_word' id='word_1_99' title='bbox 1208 1500 1248 1565; x_wconf 87' lang='lat' dir='ltr'><strong>ad</strong></span> <span class='ocrx_word' id='word_1_100' title='bbox 1282 1501 1418 1584; x_wconf 83' lang='lat' dir='ltr'><strong>politica</strong></span> 
     </span>
     <span class='ocr_line' id='line_1_13' title="bbox 261 1605 1292 1690; baseline -0.004 -16"><span class='ocrx_word' id='word_1_101' title='bbox 261 1610 362 1674; x_wconf 92' lang='lat' dir='ltr'><strong>solum</strong></span> <span class='ocrx_word' id='word_1_102' title='bbox 386 1608 497 1673; x_wconf 89' lang='lat' dir='ltr'><strong>referri</strong></span> <span class='ocrx_word' id='word_1_103' title='bbox 520 1607 622 1686; x_wconf 88' lang='lat' dir='ltr'><strong>debet,</strong></span> <span class='ocrx_word' id='word_1_104' title='bbox 647 1628 712 1672; x_wconf 92' lang='lat' dir='ltr'><strong>non</strong></span> <span class='ocrx_word' id='word_1_105' title='bbox 735 1608 831 1671; x_wconf 88' lang='lat' dir='ltr'><strong>etiam</strong></span> <span class='ocrx_word' id='word_1_106' title='bbox 854 1608 893 1673; x_wconf 94' lang='lat' dir='ltr'><strong>ad</strong></span> <span class='ocrx_word' id='word_1_107' title='bbox 916 1605 1093 1672; x_wconf 79' lang='lat' dir='ltr'><strong>deciriuam</strong></span> <span class='ocrx_word' id='word_1_108' title='bbox 1115 1605 1292 1690; x_wconf 84' lang='lat' dir='ltr'><strong>religionis.</strong></span> 
     </span>
    </p>

    <p class='ocr_par' dir='ltr' id='par_1_6' title="bbox 259 1709 1419 2316">
     <span class='ocr_line' id='line_1_14' title="bbox 260 1709 1418 1794; baseline -0.003 -16"><span class='ocrx_word' id='word_1_109' title='bbox 260 1713 333 1778; x_wconf 86' lang='lat' dir='ltr'><strong>Jam</strong></span> <span class='ocrx_word' id='word_1_110' title='bbox 356 1733 446 1788; x_wconf 87' lang='lat' dir='ltr'><strong>vero,</strong></span> <span class='ocrx_word' id='word_1_111' title='bbox 477 1731 546 1794; x_wconf 89' lang='lat' dir='ltr'><strong>quae</strong></span> <span class='ocrx_word' id='word_1_112' title='bbox 568 1711 635 1776; x_wconf 89' lang='lat' dir='ltr'><strong>sint</strong></span> <span class='ocrx_word' id='word_1_113' title='bbox 657 1711 762 1776; x_wconf 86' lang='lat' dir='ltr'><strong>officia</strong></span> <span class='ocrx_word' id='word_1_114' title='bbox 783 1711 982 1776; x_wconf 71' lang='lat' dir='ltr'><strong>sacerdotum</strong></span> <span class='ocrx_word' id='word_1_115' title='bbox 1007 1714 1038 1774; x_wconf 83' lang='lat' dir='ltr'><strong>et</strong></span> <span class='ocrx_word' id='word_1_116' title='bbox 1061 1709 1299 1794; x_wconf 85' lang='lat' dir='ltr'><strong>episcoporum,</strong></span> <span class='ocrx_word' id='word_1_117' title='bbox 1334 1731 1418 1793; x_wconf 88' lang='lat' dir='ltr'><strong>quo-</strong></span> 
     </span>
     <span class='ocr_line' id='line_1_15' title="bbox 260 1814 1417 1900; baseline 0 -20"><span class='ocrx_word' id='word_1_118' title='bbox 260 1816 352 1881; x_wconf 89' lang='lat' dir='ltr'><strong>modo</strong></span> <span class='ocrx_word' id='word_1_119' title='bbox 367 1814 534 1888; x_wconf 87' lang='lat' dir='ltr'><strong>familiam,</strong></span> <span class='ocrx_word' id='word_1_120' title='bbox 550 1837 679 1880; x_wconf 86' lang='lat' dir='ltr'><strong>uxorem</strong></span> <span class='ocrx_word' id='word_1_121' title='bbox 694 1820 727 1880; x_wconf 89' lang='lat' dir='ltr'><strong>et</strong></span> <span class='ocrx_word' id='word_1_122' title='bbox 745 1815 859 1880; x_wconf 89' lang='lat' dir='ltr'><strong>liberos</strong></span> <span class='ocrx_word' id='word_1_123' title='bbox 875 1816 1052 1900; x_wconf 84' lang='lat' dir='ltr'><strong>gubernare</strong></span> <span class='ocrx_word' id='word_1_124' title='bbox 1068 1814 1213 1892; x_wconf 83' lang='lat' dir='ltr'><strong>debeant,</strong></span> <span class='ocrx_word' id='word_1_125' title='bbox 1238 1835 1334 1898; x_wconf 87' lang='lat' dir='ltr'><strong>quam</strong></span> <span class='ocrx_word' id='word_1_126' title='bbox 1350 1835 1417 1880; x_wconf 92' lang='lat' dir='ltr'><strong>uon</strong></span> 
     </span>
     <span class='ocr_line' id='line_1_16' title="bbox 260 1919 1417 2004; baseline -0.001 -19"><span class='ocrx_word' id='word_1_127' title='bbox 260 1923 405 2004; x_wconf 82' lang='lat' dir='ltr'><strong>oporteat</strong></span> <span class='ocrx_word' id='word_1_128' title='bbox 427 1940 479 1984; x_wconf 90' lang='lat' dir='ltr'><strong>eos</strong></span> <span class='ocrx_word' id='word_1_129' title='bbox 502 1919 577 1983; x_wconf 89' lang='lat' dir='ltr'><strong>ullis</strong></span> <span class='ocrx_word' id='word_1_130' title='bbox 600 1919 692 1984; x_wconf 88' lang='lat' dir='ltr'><strong>rebus</strong></span> <span class='ocrx_word' id='word_1_131' title='bbox 715 1924 806 1984; x_wconf 87' lang='lat' dir='ltr'><strong>extra</strong></span> <span class='ocrx_word' id='word_1_132' title='bbox 826 1943 942 1985; x_wconf 88' lang='lat' dir='ltr'><strong>munus</strong></span> <span class='ocrx_word' id='word_1_133' title='bbox 964 1919 1210 1986; x_wconf 79' lang='lat' dir='ltr'><strong>ecclesiasticum</strong></span> <span class='ocrx_word' id='word_1_134' title='bbox 1229 1919 1417 1998; x_wconf 87' lang='lat' dir='ltr'><strong>immisceri,</strong></span> 
     </span>
     <span class='ocr_line' id='line_1_17' title="bbox 262 2023 1417 2107; baseline 0.002 -19"><span class='ocrx_word' id='word_1_135' title='bbox 262 2046 358 2107; x_wconf 89' lang='lat' dir='ltr'><strong>quam</strong></span> <span class='ocrx_word' id='word_1_136' title='bbox 381 2023 489 2088; x_wconf 85' lang='lat' dir='ltr'><strong>deceat</strong></span> <span class='ocrx_word' id='word_1_137' title='bbox 510 2043 562 2086; x_wconf 88' lang='lat' dir='ltr'><strong>eos</strong></span> <span class='ocrx_word' id='word_1_138' title='bbox 587 2044 653 2087; x_wconf 89' lang='lat' dir='ltr'><strong>esse</strong></span> <span class='ocrx_word' id='word_1_139' title='bbox 676 2029 812 2088; x_wconf 85' lang='lat' dir='ltr'><strong>remotos</strong></span> <span class='ocrx_word' id='word_1_140' title='bbox 836 2025 876 2088; x_wconf 90' lang='lat' dir='ltr'><strong>ab</strong></span> <span class='ocrx_word' id='word_1_141' title='bbox 898 2024 985 2088; x_wconf 89' lang='lat' dir='ltr'><strong>omui</strong></span> <span class='ocrx_word' id='word_1_142' title='bbox 1001 2023 1051 2088; x_wconf 84' lang='lat' dir='ltr'><strong>vel</strong></span> <span class='ocrx_word' id='word_1_143' title='bbox 1066 2024 1243 2107; x_wconf 79' lang='lat' dir='ltr'><strong>suspicione</strong></span> <span class='ocrx_word' id='word_1_144' title='bbox 1259 2024 1417 2104; x_wconf 83' lang='lat' dir='ltr'><strong>avaritiae,</strong></span> 
     </span>
     <span class='ocr_line' id='line_1_18' title="bbox 259 2127 1419 2212; baseline 0.001 -20"><span class='ocrx_word' id='word_1_145' title='bbox 259 2128 402 2192; x_wconf 87' lang='lat' dir='ltr'><strong>libidinis</strong></span> <span class='ocrx_word' id='word_1_146' title='bbox 425 2132 457 2193; x_wconf 89' lang='lat' dir='ltr'><strong>et</strong></span> <span class='ocrx_word' id='word_1_147' title='bbox 479 2127 596 2192; x_wconf 90' lang='lat' dir='ltr'><strong>sordidi</strong></span> <span class='ocrx_word' id='word_1_148' title='bbox 629 2133 788 2210; x_wconf 82' lang='lat' dir='ltr'><strong>quaestus,</strong></span> <span class='ocrx_word' id='word_1_149' title='bbox 823 2129 890 2193; x_wconf 89' lang='lat' dir='ltr'><strong>haec</strong></span> <span class='ocrx_word' id='word_1_150' title='bbox 922 2130 1051 2212; x_wconf 88' lang='lat' dir='ltr'><strong>iuquam</strong></span> <span class='ocrx_word' id='word_1_151' title='bbox 1085 2129 1192 2196; x_wconf 85' lang='lat' dir='ltr'><strong>omnia</strong></span> <span class='ocrx_word' id='word_1_152' title='bbox 1222 2132 1299 2194; x_wconf 84' lang='lat' dir='ltr'><strong>sunt</strong></span> <span class='ocrx_word' id='word_1_153' title='bbox 1331 2129 1419 2194; x_wconf 87' lang='lat' dir='ltr'><strong>clare</strong></span> 
     </span>
     <span class='ocr_line' id='line_1_19' title="bbox 262 2232 1419 2316; baseline 0.001 -19"><span class='ocrx_word' id='word_1_154' title='bbox 262 2233 357 2298; x_wconf 84' lang='lat' dir='ltr'><strong>sacris</strong></span> <span class='ocrx_word' id='word_1_155' title='bbox 379 2232 496 2298; x_wconf 83' lang='lat' dir='ltr'><strong>litteris</strong></span> <span class='ocrx_word' id='word_1_156' title='bbox 518 2253 674 2316; x_wconf 83' lang='lat' dir='ltr'><strong>expressa.</strong></span> <span class='ocrx_word' id='word_1_157' title='bbox 722 2233 811 2310; x_wconf 81' lang='lat' dir='ltr'><strong>Quod</strong></span> <span class='ocrx_word' id='word_1_158' title='bbox 844 2236 949 2297; x_wconf 88' lang='lat' dir='ltr'><strong>autem</strong></span> <span class='ocrx_word' id='word_1_159' title='bbox 982 2233 1065 2297; x_wconf 92' lang='lat' dir='ltr'><strong>nihil</strong></span> <span class='ocrx_word' id='word_1_160' title='bbox 1093 2233 1207 2300; x_wconf 89' lang='lat' dir='ltr'><strong>horum</strong></span> <span class='ocrx_word' id='word_1_161' title='bbox 1228 2234 1268 2298; x_wconf 92' lang='lat' dir='ltr'><strong>ab</strong></span> <span class='ocrx_word' id='word_1_162' title='bbox 1291 2232 1419 2316; x_wconf 77' lang='lat' dir='ltr'><strong>aliquot</strong></span> 
     </span>
    </p>

    <p class='ocr_par' dir='ltr' id='par_1_7' title="bbox 830 2353 847 2391">
     <span class='ocr_line' id='line_1_20' title="bbox 830 2353 847 2391; baseline 0 0"><span class='ocrx_word' id='word_1_163' title='bbox 830 2353 847 2391; x_wconf 66' lang='grc' dir='ltr'><strong>’Β</strong></span> 
     </span>
    </p>

    <p class='ocr_par' dir='ltr' id='par_1_8' title="bbox 260 2441 1449 3779">
     <span class='ocr_line' id='line_1_21' title="bbox 261 2441 1418 2527; baseline 0.002 -21"><span class='ocrx_word' id='word_1_164' title='bbox 261 2443 399 2508; x_wconf 89' lang='lat' dir='ltr'><strong>handlen</strong></span> <span class='ocrx_word' id='word_1_165' title='bbox 422 2442 502 2508; x_wconf 85' lang='lat' dir='ltr'><strong>auch</strong></span> <span class='ocrx_word' id='word_1_166' title='bbox 525 2442 661 2508; x_wconf 73' lang='lat' dir='ltr'><strong>thitliclr</strong></span> <span class='ocrx_word' id='word_1_167' title='bbox 684 2443 748 2507; x_wconf 92' lang='lat' dir='ltr'><strong>und</strong></span> <span class='ocrx_word' id='word_1_168' title='bbox 772 2442 1017 2527; x_wconf 72' lang='lat' dir='ltr'><strong>unverechdmpt</strong></span> <span class='ocrx_word' id='word_1_169' title='bbox 1040 2443 1186 2508; x_wconf 83' lang='lat' dir='ltr'><strong>dawider.</strong></span> <span class='ocrx_word' id='word_1_170' title='bbox 1230 2441 1271 2508; x_wconf 89' lang='lat' dir='ltr'><strong>Ja</strong></span> <span class='ocrx_word' id='word_1_171' title='bbox 1294 2442 1341 2508; x_wconf 91' lang='lat' dir='ltr'><strong>eie</strong></span> <span class='ocrx_word' id='word_1_172' title='bbox 1363 2464 1418 2508; x_wconf 85' lang='lat' dir='ltr'><strong>sa-</strong></span> 
     </span>
     <span class='ocr_line' id='line_1_22' title="bbox 260 2546 1417 2632; baseline 0.001 -21"><span class='ocrx_word' id='word_1_173' title='bbox 260 2569 323 2632; x_wconf 81' lang='lat' dir='ltr'><strong>geu</strong></span> <span class='ocrx_word' id='word_1_174' title='bbox 346 2548 417 2625; x_wconf 85' lang='lat' dir='ltr'><strong>uol,</strong></span> <span class='ocrx_word' id='word_1_175' title='bbox 440 2548 486 2612; x_wconf 86' lang='lat' dir='ltr'><strong>sie</strong></span> <span class='ocrx_word' id='word_1_176' title='bbox 508 2553 623 2632; x_wconf 79' lang='lat' dir='ltr'><strong>m&#39;ogen</strong></span> <span class='ocrx_word' id='word_1_177' title='bbox 646 2568 677 2612; x_wconf 91' lang='lat' dir='ltr'><strong>es</strong></span> <span class='ocrx_word' id='word_1_178' title='bbox 701 2547 793 2624; x_wconf 84' lang='lat' dir='ltr'><strong>thdn,</strong></span> <span class='ocrx_word' id='word_1_179' title='bbox 821 2547 886 2611; x_wconf 93' lang='lat' dir='ltr'><strong>und</strong></span> <span class='ocrx_word' id='word_1_180' title='bbox 909 2548 994 2612; x_wconf 87' lang='lat' dir='ltr'><strong>seien</strong></span> <span class='ocrx_word' id='word_1_181' title='bbox 1017 2567 1075 2632; x_wconf 81' lang='lat' dir='ltr'><strong>gar</strong></span> <span class='ocrx_word' id='word_1_182' title='bbox 1098 2547 1147 2612; x_wconf 84' lang='lat' dir='ltr'><strong>nit</strong></span> <span class='ocrx_word' id='word_1_183' title='bbox 1170 2546 1317 2632; x_wconf 78' lang='lat' dir='ltr'><strong>schuldig</strong></span> <span class='ocrx_word' id='word_1_184' title='bbox 1337 2547 1417 2612; x_wconf 88' lang='lat' dir='ltr'><strong>oder</strong></span> 
     </span>
     <span class='ocr_line' id='line_1_23' title="bbox 261 2651 1449 2740; baseline 0 -24"><span class='ocrx_word' id='word_1_185' title='bbox 261 2652 443 2734; x_wconf 80' lang='lat' dir='ltr'><strong>verpflicht,</strong></span> <span class='ocrx_word' id='word_1_186' title='bbox 468 2653 531 2716; x_wconf 88' lang='lat' dir='ltr'><strong>irer</strong></span> <span class='ocrx_word' id='word_1_187' title='bbox 553 2652 698 2718; x_wconf 80' lang='lat' dir='ltr'><strong>vorlaren</strong></span> <span class='ocrx_word' id='word_1_188' title='bbox 723 2653 777 2717; x_wconf 88' lang='lat' dir='ltr'><strong>der</strong></span> <span class='ocrx_word' id='word_1_189' title='bbox 799 2651 901 2736; x_wconf 79' lang='lat' dir='ltr'><strong>Biipst</strong></span> <span class='ocrx_word' id='word_1_190' title='bbox 923 2651 1077 2717; x_wconf 86' lang='lat' dir='ltr'><strong>Decreten</strong></span> <span class='ocrx_word' id='word_1_191' title='bbox 1100 2655 1139 2717; x_wconf 82' lang='lat' dir='ltr'><strong>ud</strong></span> <span class='ocrx_word' id='word_1_192' title='bbox 1161 2652 1289 2730; x_wconf 81' lang='lat' dir='ltr'><strong>hulten,</strong></span> <span class='ocrx_word' id='word_1_193' title='bbox 1321 2651 1419 2717; x_wconf 86' lang='lat' dir='ltr'><strong>dweil</strong></span> <span class='ocrx_word' id='word_1_194' title='bbox 1443 2730 1449 2740; x_wconf 37' lang='grc' dir='ltr'>Ι</span> 
     </span>
     <span class='ocr_line' id='line_1_24' title="bbox 260 2755 1418 2842; baseline 0.002 -22"><span class='ocrx_word' id='word_1_195' title='bbox 260 2757 312 2820; x_wconf 89' lang='lat' dir='ltr'><strong>ein</strong></span> <span class='ocrx_word' id='word_1_196' title='bbox 327 2755 428 2839; x_wconf 86' lang='lat' dir='ltr'><strong>Bapst</strong></span> <span class='ocrx_word' id='word_1_197' title='bbox 447 2758 517 2822; x_wconf 88' lang='lat' dir='ltr'><strong>dem</strong></span> <span class='ocrx_word' id='word_1_198' title='bbox 540 2759 678 2823; x_wconf 85' lang='lat' dir='ltr'><strong>anderen</strong></span> <span class='ocrx_word' id='word_1_199' title='bbox 700 2758 750 2821; x_wconf 88' lang='lat' dir='ltr'><strong>nit</strong></span> <span class='ocrx_word' id='word_1_200' title='bbox 772 2758 829 2822; x_wconf 86' lang='lat' dir='ltr'><strong>hat</strong></span> <span class='ocrx_word' id='word_1_201' title='bbox 850 2761 888 2822; x_wconf 83' lang='lat' dir='ltr'><strong>ud</strong></span> <span class='ocrx_word' id='word_1_202' title='bbox 911 2757 1068 2842; x_wconf 83' lang='lat' dir='ltr'><strong>gebieten,</strong></span> <span class='ocrx_word' id='word_1_203' title='bbox 1092 2757 1207 2822; x_wconf 88' lang='lat' dir='ltr'><strong>souder</strong></span> <span class='ocrx_word' id='word_1_204' title='bbox 1229 2757 1275 2821; x_wconf 90' lang='lat' dir='ltr'><strong>sie</strong></span> <span class='ocrx_word' id='word_1_205' title='bbox 1297 2763 1418 2842; x_wconf 70' lang='lat' dir='ltr'><strong>mogon</strong></span> 
     </span>
     <span class='ocr_line' id='line_1_25' title="bbox 261 2861 1419 2939; baseline 0.001 -14"><span class='ocrx_word' id='word_1_206' title='bbox 261 2861 311 2925; x_wconf 90' lang='lat' dir='ltr'><strong>die</strong></span> <span class='ocrx_word' id='word_1_207' title='bbox 333 2861 397 2926; x_wconf 85' lang='lat' dir='ltr'><strong>alte</strong></span> <span class='ocrx_word' id='word_1_208' title='bbox 414 2861 566 2928; x_wconf 83' lang='lat' dir='ltr'><strong>Decreten</strong></span> <span class='ocrx_word' id='word_1_209' title='bbox 590 2862 722 2939; x_wconf 78' lang='lat' dir='ltr'><strong>abthin,</strong></span> <span class='ocrx_word' id='word_1_210' title='bbox 747 2863 811 2926; x_wconf 92' lang='lat' dir='ltr'><strong>und</strong></span> <span class='ocrx_word' id='word_1_211' title='bbox 836 2883 922 2927; x_wconf 82' lang='lat' dir='ltr'><strong>nene</strong></span> <span class='ocrx_word' id='word_1_212' title='bbox 945 2861 1146 2926; x_wconf 89' lang='lat' dir='ltr'><strong>auffriohten.</strong></span> <span class='ocrx_word' id='word_1_213' title='bbox 1178 2861 1251 2926; x_wconf 90' lang='lat' dir='ltr'><strong>Wie</strong></span> <span class='ocrx_word' id='word_1_214' title='bbox 1266 2861 1313 2924; x_wconf 86' lang='lat' dir='ltr'><strong>aie</strong></span> <span class='ocrx_word' id='word_1_215' title='bbox 1329 2861 1419 2928; x_wconf 89' lang='lat' dir='ltr'><strong>daun</strong></span> 
     </span>
     <span class='ocr_line' id='line_1_26' title="bbox 261 2965 1416 3052; baseline 0.002 -22"><span class='ocrx_word' id='word_1_216' title='bbox 261 2967 341 3031; x_wconf 85' lang='lat' dir='ltr'><strong>auch</strong></span> <span class='ocrx_word' id='word_1_217' title='bbox 364 2965 556 3032; x_wconf 87' lang='lat' dir='ltr'><strong>meisterlich</strong></span> <span class='ocrx_word' id='word_1_218' title='bbox 579 2966 699 3052; x_wconf 86' lang='lat' dir='ltr'><strong>gethou</strong></span> <span class='ocrx_word' id='word_1_219' title='bbox 723 2967 836 3032; x_wconf 90' lang='lat' dir='ltr'><strong>hahen.</strong></span> <span class='ocrx_word' id='word_1_220' title='bbox 871 2965 944 3030; x_wconf 92' lang='lat' dir='ltr'><strong>Und</strong></span> <span class='ocrx_word' id='word_1_221' title='bbox 961 2965 1065 3030; x_wconf 76' lang='lat' dir='ltr'><strong>n&#39;ohin</strong></span> <span class='ocrx_word' id='word_1_222' title='bbox 1083 2967 1129 3030; x_wconf 90' lang='lat' dir='ltr'><strong>sie</strong></span> <span class='ocrx_word' id='word_1_223' title='bbox 1148 2989 1208 3030; x_wconf 89' lang='lat' dir='ltr'><strong>nur</strong></span> <span class='ocrx_word' id='word_1_224' title='bbox 1230 2965 1294 3030; x_wconf 88' lang='lat' dir='ltr'><strong>irer</strong></span> <span class='ocrx_word' id='word_1_225' title='bbox 1318 2967 1416 3052; x_wconf 75' lang='lat' dir='ltr'><strong>gaia,</strong></span> 
     </span>
     <span class='ocr_line' id='line_1_27' title="bbox 261 3069 1419 3156; baseline 0.003 -22"><span class='ocrx_word' id='word_1_226' title='bbox 261 3069 380 3136; x_wconf 88' lang='lat' dir='ltr'><strong>hoffart</strong></span> <span class='ocrx_word' id='word_1_227' title='bbox 403 3071 467 3134; x_wconf 89' lang='lat' dir='ltr'><strong>und</strong></span> <span class='ocrx_word' id='word_1_228' title='bbox 492 3071 604 3136; x_wconf 89' lang='lat' dir='ltr'><strong>braoht</strong></span> <span class='ocrx_word' id='word_1_229' title='bbox 626 3072 771 3156; x_wconf 81' lang='lat' dir='ltr'><strong>getriben</strong></span> <span class='ocrx_word' id='word_1_230' title='bbox 797 3071 868 3149; x_wconf 87' lang='lat' dir='ltr'><strong>hat,</strong></span> <span class='ocrx_word' id='word_1_231' title='bbox 905 3073 1006 3137; x_wconf 78' lang='lat' dir='ltr'><strong>dauon</strong></span> <span class='ocrx_word' id='word_1_232' title='bbox 1038 3072 1140 3137; x_wconf 89' lang='lat' dir='ltr'><strong>haben</strong></span> <span class='ocrx_word' id='word_1_233' title='bbox 1165 3072 1209 3136; x_wconf 88' lang='lat' dir='ltr'><strong>sie</strong></span> <span class='ocrx_word' id='word_1_234' title='bbox 1233 3093 1295 3136; x_wconf 87' lang='lat' dir='ltr'><strong>von</strong></span> <span class='ocrx_word' id='word_1_235' title='bbox 1318 3073 1419 3137; x_wconf 84' lang='lat' dir='ltr'><strong>stund</strong></span> 
     </span>
     <span class='ocr_line' id='line_1_28' title="bbox 261 3175 1418 3262; baseline 0.001 -21"><span class='ocrx_word' id='word_1_236' title='bbox 261 3197 302 3241; x_wconf 91' lang='lat' dir='ltr'><strong>an</strong></span> <span class='ocrx_word' id='word_1_237' title='bbox 326 3178 378 3240; x_wconf 89' lang='lat' dir='ltr'><strong>ein</strong></span> <span class='ocrx_word' id='word_1_238' title='bbox 395 3175 508 3240; x_wconf 83' lang='lat' dir='ltr'><strong>Deerat</strong></span> <span class='ocrx_word' id='word_1_239' title='bbox 535 3177 690 3261; x_wconf 81' lang='lat' dir='ltr'><strong>gemacht,</strong></span> <span class='ocrx_word' id='word_1_240' title='bbox 716 3177 780 3240; x_wconf 92' lang='lat' dir='ltr'><strong>und</strong></span> <span class='ocrx_word' id='word_1_241' title='bbox 804 3176 955 3262; x_wconf 84' lang='lat' dir='ltr'><strong>volgends</strong></span> <span class='ocrx_word' id='word_1_242' title='bbox 977 3176 1137 3260; x_wconf 86' lang='lat' dir='ltr'><strong>gebotteu,</strong></span> <span class='ocrx_word' id='word_1_243' title='bbox 1162 3177 1286 3242; x_wconf 76' lang='lat' dir='ltr'><strong>dasaelb</strong></span> <span class='ocrx_word' id='word_1_244' title='bbox 1308 3181 1418 3242; x_wconf 82' lang='lat' dir='ltr'><strong>ernet-</strong></span> 
     </span>
     <span class='ocr_line' id='line_1_29' title="bbox 263 3279 1417 3358; baseline 0.003 -15"><span class='ocrx_word' id='word_1_245' title='bbox 263 3279 327 3344; x_wconf 89' lang='lat' dir='ltr'><strong>lich</strong></span> <span class='ocrx_word' id='word_1_246' title='bbox 350 3283 389 3346; x_wconf 79' lang='lat' dir='ltr'><strong>ah</strong></span> <span class='ocrx_word' id='word_1_247' title='bbox 411 3281 531 3346; x_wconf 87' lang='lat' dir='ltr'><strong>halteu.</strong></span> <span class='ocrx_word' id='word_1_248' title='bbox 564 3281 693 3345; x_wconf 89' lang='lat' dir='ltr'><strong>Welohs</strong></span> <span class='ocrx_word' id='word_1_249' title='bbox 717 3280 797 3345; x_wconf 82' lang='lat' dir='ltr'><strong>doeh</strong></span> <span class='ocrx_word' id='word_1_250' title='bbox 820 3280 893 3345; x_wconf 83' lang='lat' dir='ltr'><strong>eitel</strong></span> <span class='ocrx_word' id='word_1_251' title='bbox 916 3281 1040 3346; x_wconf 82' lang='lat' dir='ltr'><strong>mdlwil</strong></span> <span class='ocrx_word' id='word_1_252' title='bbox 1064 3281 1116 3358; x_wconf 87' lang='lat' dir='ltr'><strong>ist,</strong></span> <span class='ocrx_word' id='word_1_253' title='bbox 1140 3281 1204 3344; x_wconf 88' lang='lat' dir='ltr'><strong>und</strong></span> <span class='ocrx_word' id='word_1_254' title='bbox 1228 3280 1316 3346; x_wconf 80' lang='lat' dir='ltr'><strong>hilfft</strong></span> <span class='ocrx_word' id='word_1_255' title='bbox 1338 3281 1417 3347; x_wconf 89' lang='lat' dir='ltr'><strong>iuen</strong></span> 
     </span>
     <span class='ocr_line' id='line_1_30' title="bbox 261 3385 1420 3472; baseline 0.002 -22"><span class='ocrx_word' id='word_1_256' title='bbox 261 3405 319 3468; x_wconf 78' lang='lat' dir='ltr'><strong>gar</strong></span> <span class='ocrx_word' id='word_1_257' title='bbox 342 3385 409 3464; x_wconf 82' lang='lat' dir='ltr'><strong>uit,</strong></span> <span class='ocrx_word' id='word_1_258' title='bbox 431 3385 485 3449; x_wconf 91' lang='lat' dir='ltr'><strong>das</strong></span> <span class='ocrx_word' id='word_1_259' title='bbox 509 3385 554 3448; x_wconf 86' lang='lat' dir='ltr'><strong>sie</strong></span> <span class='ocrx_word' id='word_1_260' title='bbox 576 3405 690 3468; x_wconf 77' lang='lat' dir='ltr'><strong>sagon,</strong></span> <span class='ocrx_word' id='word_1_261' title='bbox 715 3406 747 3449; x_wconf 90' lang='lat' dir='ltr'><strong>es</strong></span> <span class='ocrx_word' id='word_1_262' title='bbox 769 3390 885 3468; x_wconf 81' lang='lat' dir='ltr'><strong>urdgen</strong></span> <span class='ocrx_word' id='word_1_263' title='bbox 909 3385 958 3449; x_wconf 91' lang='lat' dir='ltr'><strong>die</strong></span> <span class='ocrx_word' id='word_1_264' title='bbox 981 3388 1085 3469; x_wconf 78' lang='lat' dir='ltr'><strong>gesetu</strong></span> <span class='ocrx_word' id='word_1_265' title='bbox 1108 3385 1190 3450; x_wconf 84' lang='lat' dir='ltr'><strong>nach</strong></span> <span class='ocrx_word' id='word_1_266' title='bbox 1211 3385 1420 3472; x_wconf 80' lang='lat' dir='ltr'><strong>gelegenheii</strong></span> 
     </span>
     <span class='ocr_line' id='line_1_31' title="bbox 262 3488 1419 3573; baseline 0.002 -21"><span class='ocrx_word' id='word_1_267' title='bbox 262 3489 316 3552; x_wconf 87' lang='lat' dir='ltr'><strong>der</strong></span> <span class='ocrx_word' id='word_1_268' title='bbox 339 3489 400 3553; x_wconf 84' lang='lat' dir='ltr'><strong>zeit</strong></span> <span class='ocrx_word' id='word_1_269' title='bbox 421 3489 575 3573; x_wconf 75' lang='lat' dir='ltr'><strong>gedudert</strong></span> <span class='ocrx_word' id='word_1_270' title='bbox 596 3490 731 3554; x_wconf 84' lang='lat' dir='ltr'><strong>werden.</strong></span> <span class='ocrx_word' id='word_1_271' title='bbox 770 3488 863 3553; x_wconf 89' lang='lat' dir='ltr'><strong>Denn</strong></span> <span class='ocrx_word' id='word_1_272' title='bbox 886 3490 934 3553; x_wconf 89' lang='lat' dir='ltr'><strong>dis</strong></span> <span class='ocrx_word' id='word_1_273' title='bbox 958 3489 1030 3554; x_wconf 78' lang='lat' dir='ltr'><strong>wint</strong></span> <span class='ocrx_word' id='word_1_274' title='bbox 1051 3489 1148 3554; x_wconf 89' lang='lat' dir='ltr'><strong>alleiu</strong></span> <span class='ocrx_word' id='word_1_275' title='bbox 1171 3511 1232 3554; x_wconf 85' lang='lat' dir='ltr'><strong>von</strong></span> <span class='ocrx_word' id='word_1_276' title='bbox 1256 3491 1318 3556; x_wconf 87' lang='lat' dir='ltr'><strong>deu</strong></span> <span class='ocrx_word' id='word_1_277' title='bbox 1341 3491 1419 3555; x_wconf 86' lang='lat' dir='ltr'><strong>ord·</strong></span> 
     </span>
     <span class='ocr_line' id='line_1_32' title="bbox 261 3593 1416 3680; baseline 0.002 -22"><span class='ocrx_word' id='word_1_278' title='bbox 261 3615 401 3680; x_wconf 81' lang='lat' dir='ltr'><strong>nungen,</strong></span> <span class='ocrx_word' id='word_1_279' title='bbox 425 3615 459 3658; x_wconf 93' lang='lat' dir='ltr'><strong>so</strong></span> <span class='ocrx_word' id='word_1_280' title='bbox 482 3594 516 3658; x_wconf 92' lang='lat' dir='ltr'><strong>in</strong></span> <span class='ocrx_word' id='word_1_281' title='bbox 538 3594 701 3678; x_wconf 86' lang='lat' dir='ltr'><strong>policeien,</strong></span> <span class='ocrx_word' id='word_1_282' title='bbox 724 3594 799 3660; x_wconf 91' lang='lat' dir='ltr'><strong>oder</strong></span> <span class='ocrx_word' id='word_1_283' title='bbox 822 3593 1012 3660; x_wconf 87' lang='lat' dir='ltr'><strong>eusserliohe</strong></span> <span class='ocrx_word' id='word_1_284' title='bbox 1034 3594 1150 3659; x_wconf 87' lang='lat' dir='ltr'><strong>sechen</strong></span> <span class='ocrx_word' id='word_1_285' title='bbox 1166 3594 1317 3679; x_wconf 78' lang='lat' dir='ltr'><strong>gehdren,</strong></span> <span class='ocrx_word' id='word_1_286' title='bbox 1340 3617 1416 3661; x_wconf 77' lang='lat' dir='ltr'><strong>ver-</strong></span> 
     </span>
     <span class='ocr_line' id='line_1_33' title="bbox 262 3699 722 3779; baseline 0.002 -15"><span class='ocrx_word' id='word_1_287' title='bbox 262 3700 405 3779; x_wconf 87' lang='lat' dir='ltr'><strong>standen,</strong></span> <span class='ocrx_word' id='word_1_288' title='bbox 430 3699 493 3764; x_wconf 92' lang='lat' dir='ltr'><strong>und</strong></span> <span class='ocrx_word' id='word_1_289' title='bbox 517 3700 641 3765; x_wconf 86' lang='lat' dir='ltr'><strong>weiters</strong></span> <span class='ocrx_word' id='word_1_290' title='bbox 664 3701 722 3765; x_wconf 90' lang='lat' dir='ltr'><strong>nit.</strong></span> 
     </span>
    </p>

    <p class='ocr_par' dir='ltr' id='par_1_9' title="bbox 262 3802 1419 4416">
     <span class='ocr_line' id='line_1_34' title="bbox 350 3802 1418 3888; baseline 0.002 -20"><span class='ocrx_word' id='word_1_291' title='bbox 350 3802 419 3882; x_wconf 91' lang='lat' dir='ltr'><strong>Nu,</strong></span> <span class='ocrx_word' id='word_1_292' title='bbox 443 3805 502 3869; x_wconf 83' lang='lat' dir='ltr'><strong>wie</strong></span> <span class='ocrx_word' id='word_1_293' title='bbox 524 3804 593 3870; x_wconf 90' lang='lat' dir='ltr'><strong>sich</strong></span> <span class='ocrx_word' id='word_1_294' title='bbox 615 3805 666 3868; x_wconf 90' lang='lat' dir='ltr'><strong>ein</strong></span> <span class='ocrx_word' id='word_1_295' title='bbox 691 3804 836 3870; x_wconf 88' lang='lat' dir='ltr'><strong>Bisohoff</strong></span> <span class='ocrx_word' id='word_1_296' title='bbox 855 3806 929 3869; x_wconf 90' lang='lat' dir='ltr'><strong>oder</strong></span> <span class='ocrx_word' id='word_1_297' title='bbox 952 3803 1110 3882; x_wconf 82' lang='lat' dir='ltr'><strong>Priester&#39;,</strong></span> <span class='ocrx_word' id='word_1_298' title='bbox 1141 3805 1175 3870; x_wconf 90' lang='lat' dir='ltr'><strong>in</strong></span> <span class='ocrx_word' id='word_1_299' title='bbox 1199 3805 1319 3870; x_wconf 88' lang='lat' dir='ltr'><strong>seinem</strong></span> <span class='ocrx_word' id='word_1_300' title='bbox 1341 3827 1418 3888; x_wconf 90' lang='lat' dir='ltr'><strong>pre·</strong></span> 
     </span>
     <span class='ocr_line' id='line_1_35' title="bbox 262 3909 1418 3995; baseline 0.004 -24"><span class='ocrx_word' id='word_1_301' title='bbox 262 3909 317 3993; x_wconf 85' lang='lat' dir='ltr'><strong>dig</strong></span> <span class='ocrx_word' id='word_1_302' title='bbox 339 3911 405 3974; x_wconf 91' lang='lat' dir='ltr'><strong>und</strong></span> <span class='ocrx_word' id='word_1_303' title='bbox 429 3910 560 3976; x_wconf 83' lang='lat' dir='ltr'><strong>kirchen</strong></span> <span class='ocrx_word' id='word_1_304' title='bbox 584 3914 689 3995; x_wconf 83' lang='lat' dir='ltr'><strong>ampl,</strong></span> <span class='ocrx_word' id='word_1_305' title='bbox 714 3910 855 3974; x_wconf 89' lang='lat' dir='ltr'><strong>dauebeu</strong></span> <span class='ocrx_word' id='word_1_306' title='bbox 879 3911 913 3973; x_wconf 92' lang='lat' dir='ltr'><strong>in</strong></span> <span class='ocrx_word' id='word_1_307' title='bbox 936 3909 1054 3974; x_wconf 86' lang='lat' dir='ltr'><strong>seiuem</strong></span> <span class='ocrx_word' id='word_1_308' title='bbox 1077 3910 1172 3988; x_wconf 89' lang='lat' dir='ltr'><strong>haus,</strong></span> <span class='ocrx_word' id='word_1_309' title='bbox 1196 3931 1300 3995; x_wconf 80' lang='lat' dir='ltr'><strong>gagen</strong></span> <span class='ocrx_word' id='word_1_310' title='bbox 1323 3912 1418 3991; x_wconf 86' lang='lat' dir='ltr'><strong>weib,</strong></span> 
     </span>
     <span class='ocr_line' id='line_1_36' title="bbox 263 4013 1418 4093; baseline 0.005 -18"><span class='ocrx_word' id='word_1_311' title='bbox 263 4013 384 4093; x_wconf 81' lang='lat' dir='ltr'><strong>hindar,</strong></span> <span class='ocrx_word' id='word_1_312' title='bbox 408 4015 474 4080; x_wconf 88' lang='lat' dir='ltr'><strong>und</strong></span> <span class='ocrx_word' id='word_1_313' title='bbox 496 4015 654 4080; x_wconf 88' lang='lat' dir='ltr'><strong>iederman</strong></span> <span class='ocrx_word' id='word_1_314' title='bbox 678 4016 805 4093; x_wconf 86' lang='lat' dir='ltr'><strong>holten,</strong></span> <span class='ocrx_word' id='word_1_315' title='bbox 828 4015 928 4093; x_wconf 82' lang='lat' dir='ltr'><strong>Item,</strong></span> <span class='ocrx_word' id='word_1_316' title='bbox 960 4017 1019 4080; x_wconf 83' lang='lat' dir='ltr'><strong>wie</strong></span> <span class='ocrx_word' id='word_1_317' title='bbox 1041 4037 1075 4080; x_wconf 85' lang='lat' dir='ltr'><strong>er</strong></span> <span class='ocrx_word' id='word_1_318' title='bbox 1097 4015 1164 4082; x_wconf 85' lang='lat' dir='ltr'><strong>sich</strong></span> <span class='ocrx_word' id='word_1_319' title='bbox 1188 4017 1241 4080; x_wconf 89' lang='lat' dir='ltr'><strong>des</strong></span> <span class='ocrx_word' id='word_1_320' title='bbox 1264 4016 1418 4081; x_wconf 85' lang='lat' dir='ltr'><strong>kirchen-</strong></span> 
     </span>
     <span class='ocr_line' id='line_1_37' title="bbox 262 4118 1417 4206; baseline 0.003 -25"><span class='ocrx_word' id='word_1_321' title='bbox 262 4118 383 4182; x_wconf 84' lang='lat' dir='ltr'><strong>diensls</strong></span> <span class='ocrx_word' id='word_1_322' title='bbox 417 4120 532 4197; x_wconf 88' lang='lat' dir='ltr'><strong>alleiu,</strong></span> <span class='ocrx_word' id='word_1_323' title='bbox 567 4123 632 4186; x_wconf 93' lang='lat' dir='ltr'><strong>uud</strong></span> <span class='ocrx_word' id='word_1_324' title='bbox 665 4121 725 4184; x_wconf 86' lang='lat' dir='ltr'><strong>mit</strong></span> <span class='ocrx_word' id='word_1_325' title='bbox 757 4120 936 4185; x_wconf 86' lang='lat' dir='ltr'><strong>weltlichen</strong></span> <span class='ocrx_word' id='word_1_326' title='bbox 968 4119 1082 4184; x_wconf 79' lang='lat' dir='ltr'><strong>sochen</strong></span> <span class='ocrx_word' id='word_1_327' title='bbox 1117 4141 1175 4206; x_wconf 81' lang='lat' dir='ltr'><strong>gar</strong></span> <span class='ocrx_word' id='word_1_328' title='bbox 1200 4120 1249 4184; x_wconf 87' lang='lat' dir='ltr'><strong>nit</strong></span> <span class='ocrx_word' id='word_1_329' title='bbox 1273 4119 1417 4202; x_wconf 80' lang='lat' dir='ltr'><strong>baladen,</strong></span> 
     </span>
     <span class='ocr_line' id='line_1_38' title="bbox 264 4221 1418 4310; baseline 0.003 -24"><span class='ocrx_word' id='word_1_330' title='bbox 264 4221 490 4306; x_wconf 84' lang='lat' dir='ltr'><strong>Dergleioheu,</strong></span> <span class='ocrx_word' id='word_1_331' title='bbox 521 4226 578 4288; x_wconf 89' lang='lat' dir='ltr'><strong>wie</strong></span> <span class='ocrx_word' id='word_1_332' title='bbox 602 4246 635 4288; x_wconf 83' lang='lat' dir='ltr'><strong>er·</strong></span> <span class='ocrx_word' id='word_1_333' title='bbox 658 4247 715 4310; x_wconf 79' lang='lat' dir='ltr'><strong>gar</strong></span> <span class='ocrx_word' id='word_1_334' title='bbox 739 4226 811 4290; x_wconf 84' lang='lat' dir='ltr'><strong>hein</strong></span> <span class='ocrx_word' id='word_1_335' title='bbox 839 4225 999 4290; x_wconf 87' lang='lat' dir='ltr'><strong>wucherer</strong></span> <span class='ocrx_word' id='word_1_336' title='bbox 1024 4225 1106 4290; x_wconf 88' lang='lat' dir='ltr'><strong>noch</strong></span> <span class='ocrx_word' id='word_1_337' title='bbox 1128 4224 1326 4290; x_wconf 83' lang='lat' dir='ltr'><strong>Simoniaeus</strong></span> <span class='ocrx_word' id='word_1_338' title='bbox 1347 4225 1418 4290; x_wconf 86' lang='lat' dir='ltr'><strong>sein</strong></span> 
     </span>
     <span class='ocr_line' id='line_1_39' title="bbox 264 4327 1419 4416; baseline 0.005 -26"><span class='ocrx_word' id='word_1_339' title='bbox 264 4327 332 4405; x_wconf 85' lang='lat' dir='ltr'><strong>sol,</strong></span> <span class='ocrx_word' id='word_1_340' title='bbox 368 4327 410 4391; x_wconf 84' lang='lat' dir='ltr'><strong>ist</strong></span> <span class='ocrx_word' id='word_1_341' title='bbox 439 4328 567 4393; x_wconf 88' lang='lat' dir='ltr'><strong>olarlioh</strong></span> <span class='ocrx_word' id='word_1_342' title='bbox 599 4331 631 4394; x_wconf 90' lang='lat' dir='ltr'><strong>in</strong></span> <span class='ocrx_word' id='word_1_343' title='bbox 665 4330 719 4394; x_wconf 83' lang='lat' dir='ltr'><strong>der</strong></span> <span class='ocrx_word' id='word_1_344' title='bbox 742 4329 873 4394; x_wconf 83' lang='lat' dir='ltr'><strong>Schrifft</strong></span> <span class='ocrx_word' id='word_1_345' title='bbox 901 4330 1140 4416; x_wconf 82' lang='lat' dir='ltr'><strong>ausgedruehet.</strong></span> <span class='ocrx_word' id='word_1_346' title='bbox 1186 4328 1251 4396; x_wconf 89' lang='lat' dir='ltr'><strong>Das</strong></span> <span class='ocrx_word' id='word_1_347' title='bbox 1274 4330 1318 4394; x_wconf 89' lang='lat' dir='ltr'><strong>sie</strong></span> <span class='ocrx_word' id='word_1_348' title='bbox 1340 4330 1419 4396; x_wconf 88' lang='lat' dir='ltr'><strong>aher</strong></span> 
     </span>
    </p>
   </div>
   <div class='ocr_carea' id='block_1_5' title="bbox 0 0 1554 4938">
    <p class='ocr_par' dir='ltr' id='par_1_10' title="bbox 0 0 1554 4938">
     <span class='ocr_line' id='line_1_40' title="bbox 0 0 1554 4938; baseline 0 0"><span class='ocrx_word' id='word_1_349' title='bbox 0 0 1554 4938; x_wconf 95' lang='lat' dir='ltr'><strong> </strong></span> 
     </span>
    </p>
   </div>
  </div>
 </body>
</html>
