3172 4962
692 328 754 392 13⁷

141 500 241 558 Verbis
259 496 376 557 mellitis
394 498 424 554 et
440 495 554 554 blandis
572 497 656 554 molti
676 515 749 570 stepo
765 497 951 570 decipiuntur.
971 499 1031 556 111.

141 589 248 646 Verum
266 602 374 658 semper
392 583 484 640 dieere
501 583 641 641 debemus.
663 586 722 642 118.

141 675 221 732 Vitis
239 673 353 746 proprio
372 670 548 730 oonsiderore
564 670 705 728 debemus.
724 673 767 729 6‘1.

141 762 228 819 Vitiis
245 759 404 818 deserviens
422 777 517 816 eornm
535 777 632 816 servos
649 761 700 815 eet.
720 761 761 815 14.

114 850 236 907 ⁵Vrdon
252 849 376 921 prudens
393 865 450 904 non
476 847 561 904 debet
583 848 667 905 fenile
691 847 823 905 meritati
841 849 970 918 exemplo
991 848 1078 904 trium
1096 850 1239 915 bonerum,
1253 847 1294 903 vi·

212 937 341 993 domm.
361 936 404 991 99.

140 1023 302 1096 vigilantes
319 1040 338 1080 e
356 1022 481 1078 doemone
498 1039 556 1080 non
572 1024 731 1078 tententur.
751 1025 793 1079 70.

140 1111 260 1168 Vinoere
277 1110 410 1166 debemus
428 1112 537 1166 nosmet
554 1110 637 1182 ipsos.
657 1111 682 1165 9.

140 1187 276 1254 Vindicta
294 1214 351 1254 non
368 1195 452 1252 debet
471 1195 531 1252 fieri
548 1196 609 1253 sine
625 1196 838 1254 deliberatione.
857 1199 900 1254 98.

97 1295 127 1332 1⁰
140 1285 220 1340 Vilio
237 1287 266 1341 et
284 1283 396 1354 abjecte
413 1283 530 1354 quidem
547 1285 619 1341 dent
636 1286 816 1356 paoperibus.
835 1287 877 1342 19.

143 1373 306 1429 Vindiotem
322 1371 468 1428 remittere
486 1372 620 1429 debemus
639 1374 766 1446 exemplo
784 1374 890 1430 Christi
909 1375 984 1431 Jesu.
1003 1379 1028 1431 9.

141 1459 306 1516 Vindiotem
324 1459 445 1516 libenter
462 1458 594 1516 debemus
612 1460 764 1518 dimittere.
782 1463 825 1518 99.

141 1547 270 1604 Virtutes
286 1547 335 1618 qni
351 1547 445 1612 hebet,
465 1548 502 1604 sb
520 1549 649 1606 omnibus
666 1550 829 1608 honoretur.
850 1553 890 1608 14.

141 1633 270 1690 Virtutes
287 1634 394 1690 hebens
412 1653 468 1692 non
486 1634 570 1692 debet
588 1653 617 1692 ee
635 1638 736 1694 leviter
752 1638 785 1694 in
801 1639 945 1711 publicum
964 1639 1117 1698 ostendere.
1139 1640 1180 1693 15.

100 1733 128 1772 re
142 1720 213 1777 Vite
229 1721 322 1778 brevis
339 1722 430 1778 omnis
451 1723 575 1780 violenti.
593 1725 636 1780 82.

142 1807 277 1864 Viventes
295 1809 352 1866 Deo
370 1807 474 1865 debent
494 1811 698 1882 temporalibus
716 1812 849 1869 subsidiis
866 1814 969 1870 fulciri.
989 1815 1030 1872 34.

142 1895 215 1950 Usus
232 1896 326 1953 altere
343 1902 449 1957 notura
467 1902 519 1955 est.
538 1900 597 1955 114.

142 1983 296 2042 Voentione
314 2003 365 2042 sue
382 2003 477 2044 omnes
494 1987 599 2044 debent
616 2005 788 2059 permonere.
810 1991 867 2048 102.

143 2072 220 2130 Uror
237 2073 320 2130 debet
338 2075 451 2133 obedire
468 2076 530 2133 viro
546 2093 603 2134 suo.
623 2079 666 2134 90.

99 2177 128 2215 so
144 2159 231 2216 Uxori
248 2160 358 2218 euidom
376 2180 395 2220 e
414 2163 474 2221 riro
491 2182 541 2254 syo
558 2165 616 2223 trie
633 2166 763 2224 feeiends
780 2166 925 2239 proposito
943 2169 1017 2222 sunt
1037 2169 1080 2224 90.

229 2249 373 2336 Explicit
394 2253 503 2319 tabule
525 2255 671 2336 seeundo,
693 2277 764 2340 quae
786 2255 877 2322 valde
899 2255 1029 2322 moralis
1051 2259 1099 2322 est
1122 2259 1155 2321 et
1176 2255 1270 2322 bone.
