3172 4958
847 363 890 427 94

294 534 409 598 lantur.
457 535 505 599 Tu
528 557 601 600 vero
624 539 774 620 surgente
797 535 847 599 die
870 536 1018 619 quiescis,
1053 541 1090 600 ut
1121 537 1240 613 lateas,
1273 541 1451 620 apparente

294 639 344 703 die
367 638 516 722 dispares,
541 661 582 703 ne
604 661 732 723 pereas,
765 661 802 704 ac
823 639 996 724 vigilanter
1018 639 1154 716 dormis,
1182 644 1219 704 nt
1242 645 1450 724 pernoctem

294 743 518 808 malefaciendo
541 744 706 808 discurras.
753 742 873 822 Quare,
904 744 1117 808 illuminatrix
1146 749 1352 823 cunctorum,
1377 769 1451 810 aum

293 849 353 912 tibi
378 850 506 914 tenebra
528 849 651 926 odiosa,
680 851 802 913 cunetis
826 849 1008 932 gratissima
1031 871 1065 913 ac
1088 850 1148 913 tibi
1164 849 1347 930 mortifera,
1373 871 1447 914 cum

267 977 280 1014 s
294 953 449 1018 universis
465 953 524 1017 sim
536 955 668 1018 seeum?
692 953 753 1016 nisi
766 957 848 1036 quod
858 953 1001 1036 profecto
1017 954 1125 1018 oculus
1141 959 1215 1018 tuus
1231 977 1369 1038 nequam
1386 958 1448 1031 est,

293 1079 347 1124 cor
361 1057 561 1136 malevolum,
586 1057 780 1122 conscientia
803 1057 964 1122 scelerosa.
1011 1055 1085 1122 Non
1106 1059 1215 1133 miror,
1239 1060 1267 1122 si
1283 1061 1451 1124 contuitus

293 1169 366 1228 tuus
389 1165 510 1249 frangit
532 1163 705 1246 saphirum,
729 1163 785 1246 qui
808 1168 947 1228 attactus
970 1163 1063 1248 fugat
1089 1185 1260 1243 venenum,
1294 1165 1450 1248 quoniam
1572 1193 1573 1206 ÷

293 1269 454 1334 internum
479 1268 575 1332 habes
599 1267 748 1352 spiritum
772 1289 982 1346 venenosum,
1011 1270 1065 1352 qui
1089 1270 1258 1354 impugnat
1281 1271 1449 1346 virtutem,

291 1375 378 1460 fugit
399 1374 501 1438 lucem
525 1377 556 1436 et
571 1373 639 1436 odit
654 1373 861 1456 splendorem.
909 1373 1063 1437 Attamen
1080 1375 1162 1457 quod
1180 1377 1353 1437 mansuetae
1369 1395 1445 1438 aves

256 1479 500 1543 roinimicantur
523 1478 593 1555 tibi,
617 1478 743 1542 evidens
767 1483 990 1562 argumentum
1013 1478 1144 1543 malitiae
1167 1483 1229 1542 tuae
1252 1482 1309 1554 est,
1334 1483 1452 1544 contra
1572 1551 1573 1554 Ἴ

293 1605 387 1667 quam
411 1605 474 1648 non
499 1582 602 1647 omnis
630 1583 795 1646 dumtaxat
810 1588 951 1646 armatur
974 1582 1034 1660 lex,
1059 1583 1123 1661 sed,
1139 1583 1295 1666 siquidem
1310 1583 1450 1667 aequita-

293 1688 335 1752 tis
358 1688 426 1771 ipsa
447 1688 557 1766 amica,
581 1692 651 1752 tota
673 1688 769 1751 etiarn
792 1687 931 1770 insurgit
953 1692 1077 1754 natura.
1126 1687 1246 1762 Quibus
1258 1689 1367 1752 taliter
1383 1689 1450 1752 dif-

293 1793 394 1857 finitis
417 1793 564 1856 adversus
588 1813 655 1856 earn
680 1793 746 1874 jam
777 1792 1016 1877 insurgentibus
1047 1792 1157 1857 avibus
1185 1811 1259 1855 mox
1291 1791 1451 1857 dilaniata

261 1927 262 1931 ¹
293 1901 341 1961 est
363 1897 612 1961 mansuetudini·
636 1897 773 1962 inimica.

255 2105 568 2171 rsProverbium
600 2105 860 2170 ostensivum
900 2103 1165 2171 differentiae
1199 2108 1314 2173 inter
1352 2131 1446 2174 ava-

660 2233 744 2274 rum
775 2215 814 2273 et
837 2209 1073 2274 liberalem.

345 2385 401 2450 De
423 2407 577 2450 aranea
597 2388 636 2448 et
657 2407 792 2449 verme
814 2383 1000 2448 faciente
1023 2384 1222 2464 sericum,
1246 2407 1314 2471 cap.
1342 2393 1391 2451 18.

380 2523 428 2589 De
456 2524 604 2590 medullis
637 2525 775 2610 propriis
807 2526 862 2590 fila
897 2525 996 2590 serica
1035 2525 1127 2610 vigili
1165 2525 1299 2589 circuitu
1339 2547 1448 2590 verme

293 2629 447 2694 condente
469 2629 617 2693 laborans
632 2650 731 2713 prope
745 2629 902 2708 similiter,
927 2630 980 2693 red
1003 2629 1150 2693 dissimili
1172 2629 1297 2695 ratione
1319 2634 1352 2694 et
1370 2633 1446 2694 tan-

253 2759 279 2796 ao
294 2739 361 2799 tam
383 2733 504 2818 opificis
530 2734 765 2798 studiositatem
795 2739 998 2818 prospectans
1022 2756 1138 2798 aranea
1167 2732 1266 2797 dixit:
1298 2735 1445 2818 utquid,

292 2841 390 2904 trater
413 2839 475 2915 mi,
506 2843 572 2902 tam
603 2839 805 2923 temetipsum
837 2843 987 2922 torquens
1016 2839 1167 2903 evisceras
1196 2860 1342 2921 pronon
1365 2841 1446 2903 tuo?

292 2944 338 3009 At
360 2943 431 3007 ille:
456 2947 493 3006 tu
515 2947 618 3007 autem
643 2948 684 3020 te,
707 2948 744 3007 ut
766 2944 863 3027 quid?
886 2942 929 3006 Et
951 2942 1023 3006 illa:
1048 2963 1106 3027 ego
1122 2943 1247 3026 quidem
1264 2943 1374 3008 laboro
1384 2965 1446 3028 pro

292 3071 370 3114 meo.
427 3047 502 3112 Mox
532 3048 602 3112 ille:
636 3048 711 3132 quid
744 3052 793 3112 est
822 3049 935 3112 tuum?
970 3046 1027 3112 Oui
1056 3069 1173 3112 aranea
1195 3048 1292 3111 dixit:
1324 3048 1444 3112 bonum

291 3173 396 3217 meum
419 3157 476 3230 est,
500 3154 607 3237 praeda
629 3160 721 3230 certe,
751 3175 844 3236 quam
869 3153 958 3236 capio
974 3152 1033 3217 hoc
1048 3153 1081 3216 in
1098 3153 1285 3217 retiaculum
1300 3152 1444 3216 inciden-

252 3263 364 3322 rstem.
411 3255 460 3320 Ad
484 3256 550 3322 haec
573 3257 644 3320 illai
677 3279 747 3340 quae
779 3279 914 3341 namque
938 3263 986 3320 est
1009 3257 1138 3340 praeda?
1169 3256 1211 3320 Et
1233 3256 1307 3321 illa:
1336 3259 1444 3341 praeda

292 3385 362 3428 mea
391 3369 439 3427 est
472 3384 587 3427 musca.
635 3362 755 3437 Quibus
786 3362 904 3426 auditis
935 3363 1051 3425 vermis
1083 3361 1208 3425 locutus
1240 3365 1290 3424 est
1319 3361 1445 3426 dicens:

291 3469 454 3544 nimirum,
478 3489 565 3532 soror
589 3489 667 3544 mea,
692 3467 877 3530 detestanda
900 3467 979 3530 mihi
1004 3467 1127 3530 videtur
1144 3487 1194 3529 ars
1210 3465 1443 3543 fraudulentia,

292 3595 398 3638 cassus
424 3571 511 3636 labor
535 3572 701 3635 dementire
716 3593 751 3635 ac
773 3571 967 3654 repudianda
982 3571 1088 3654 praeda
1104 3571 1245 3634 miseriae.
1292 3569 1444 3634 Nondum

291 3678 397 3755 nosti,
430 3682 465 3740 ut
497 3677 601 3751 video,
634 3675 709 3758 quid
740 3677 783 3738 sit
811 3697 917 3739 verum
946 3676 1109 3760 proprium
1134 3676 1261 3739 bonum.
1303 3675 1373 3740 Hoc
1396 3678 1447 3739 est

251 3804 277 3840 so
292 3783 377 3846 enim
400 3781 618 3856 intrinsecum,
642 3801 706 3842 uon
729 3780 940 3843 extrinsecum
963 3784 1151 3862 tantumque
1173 3779 1251 3843 illud
1269 3780 1352 3863 quod
1368 3801 1444 3862 pos·

291 3909 410 3952 sessore
441 3907 503 3951 non
537 3885 661 3949 volente
685 3885 837 3968 perditur.
882 3883 988 3968 Igitur
1011 3884 1044 3947 iu
1068 3883 1146 3961 hoc,
1180 3885 1212 3947 in
1244 3905 1306 3968 quo
1329 3888 1445 3968 sponte

290 3993 392 4076 ipsum
418 3993 550 4074 adeptus
575 3991 750 4072 reliquerit,
774 3993 822 4053 cst
838 3989 1209 4072 unusquisqueinvictus.
1257 3989 1289 4053 Is
1305 4011 1444 4072 namque

290 4098 443 4161 veraciter
459 4095 606 4172 vincitur,
630 4095 684 4178 qui
701 4117 720 4158 a
738 4095 820 4159 bono
836 4094 967 4179 proprio
983 4094 1148 4177 spoliatur.
1197 4093 1320 4158 Bonum
1336 4099 1443 4158 autem

290 4201 502 4266 extrinsecum
527 4222 637 4264 census
659 4204 724 4275 est,
755 4204 792 4262 ut
823 4199 906 4282 quod
929 4198 1055 4263 volente
1076 4219 1255 4281 possessore
1278 4199 1444 4264 abraditur

247 4325 274 4364 ss
294 4312 326 4370 et
348 4305 427 4369 false
450 4305 680 4390 praestantioris
698 4303 859 4386 judicatur
881 4324 947 4366 esse
963 4302 1123 4385 potentiae.
1155 4303 1207 4366 Sic
1222 4304 1305 4366 enim
1323 4303 1442 4366 bonum

289 4410 455 4496 proprium
478 4409 579 4472 virtus
603 4408 671 4472 sola
693 4407 760 4471 fore
783 4407 989 4491 dignoscitur,
1014 4408 1163 4490 quoniam
1188 4407 1254 4472 haec
1276 4411 1324 4471 est
1339 4408 1443 4472 cordis
