3146 4962
1549 160 1552 281 l

288 449 363 512 dare
385 446 488 532 magis
510 467 605 529 qnam
634 445 782 530 accipere.
828 444 875 512 De
906 445 1101 512 liberalitate
1130 445 1217 512 enim
1240 445 1312 510 'liti
1342 445 1461 530 irnpe-
1550 366 1552 445 i

288 551 404 617 ratoria
427 549 577 616 scribitur
599 551 632 616 in
656 550 762 617 Gestis
778 551 1004 632 Romanorum,
1028 551 1113 636 quod
1130 551 1266 636 quadam
1283 551 1337 616 die
1351 573 1463 636 anper
1551 570 1552 605 l

290 678 412 726 eoenem
434 657 626 734 recordatus,
650 657 732 741 quod
756 659 826 722 tota
847 656 898 722 die
919 655 1004 722 nihil
1025 656 1172 736 dedisset,
1195 677 1330 742 gemeus
1345 659 1460 724 dixit:

289 782 309 825 o
328 760 433 840 amici,
457 760 539 826 hanc
559 761 643 826 diem
666 761 799 846 perdidi,
823 762 898 846 quia
919 761 1002 826 nihil
1025 762 1134 829 tribui.

830 272 895 337 220

263 955 276 994 r
371 933 425 1000 De
447 934 561 1002 ibice
583 919 797 1002 immunda
818 941 855 1002 et
877 937 1179 1022 apothecario,
1202 937 1277 1002 dial.
1303 939 1355 1004 76.

377 1072 443 1140 Ibis
466 1075 531 1140 avis
555 1076 731 1162 aegyptiaca
752 1081 810 1156 est,
835 1075 912 1144 dicit
926 1077 1053 1163 Papias,
1075 1077 1248 1144 secundum
1264 1077 1370 1164 legem
1385 1077 1457 1140 im·

290 1179 409 1246 munda
431 1202 496 1264 prra
519 1181 665 1248 omnibus
688 1182 892 1262 volatilibus,
924 1184 1075 1267 quoniam
1107 1182 1287 1248 morticinia
1308 1182 1456 1248 cadave-
1550 1158 1552 1287 l

289 1307 361 1350 mm
376 1305 499 1369 semper
515 1284 662 1350 vescitur.
708 1283 808 1352 Juxta
823 1287 934 1352 littora
949 1307 1024 1352 vero
1039 1286 1208 1351 fluminum
1223 1290 1325 1350 semet
1340 1286 1455 1369 ipsam

290 1393 408 1475 purgat
431 1392 535 1454 rostro
564 1393 597 1454 et
621 1390 688 1454 ovis
710 1396 892 1474 serpentum
916 1392 1063 1458 vescitur.
1111 1389 1248 1469 Quidam
1269 1390 1454 1474 apotheca·
1550 1352 1552 1454 l

252 1517 277 1554 ro
291 1493 357 1560 rins
388 1494 471 1560 hanc
501 1516 590 1560 avem
622 1495 819 1562 immundam
848 1495 933 1582 cepit
962 1496 1133 1580 volensque
1163 1516 1232 1560 eam
1261 1495 1453 1579 purificare,
1551 1553 1552 1614 p

291 1603 328 1663 ut
359 1599 530 1665 secuudum
560 1599 663 1686 legem
691 1605 884 1680 vesceretur,
913 1623 981 1667 eam
1009 1601 1116 1685 posuit
1144 1600 1177 1664 in
1206 1599 1453 1684 apothecariam

291 1725 391 1782 suam,
414 1708 451 1768 ut
474 1726 494 1768 a
515 1705 676 1789 speciebus
700 1705 855 1770 redoleret
877 1710 911 1771 et
925 1729 944 1772 a
959 1705 1123 1771 medicinis
1141 1708 1342 1790 purgaretur.
1384 1703 1451 1770 Sed
1551 1755 1552 1768 ,

291 1807 359 1874 haec
380 1809 441 1874 sibi
464 1830 529 1874 non
551 1809 727 1894 sapiebant,
753 1811 826 1874 dum
851 1812 888 1876 de
910 1810 961 1876 his
984 1811 1099 1889 ederet,
1122 1810 1187 1875 imo
1209 1809 1363 1874 cadavera
1386 1809 1450 1875 fce-

291 1913 360 1978 tida
382 1914 538 1998 cupiebat
584 1913 783 2000 Quapropter
795 1915 933 2001 fugitive
955 1914 1094 1993 recessit,
1110 1934 1175 1979 non
1191 1913 1299 1978 valens
1315 1913 1450 1980 mundis

252 2040 278 2079 rs
291 2018 358 2096 uti,
389 2019 443 2083 aad
473 2019 507 2083 in
537 2018 710 2084 immundis
740 2022 806 2086 suis
837 2021 997 2086 residuum
1028 2021 1102 2085 vitae
1123 2039 1188 2084 suae
1211 2019 1450 2084 consummavit
1550 2092 1551 2095 Ἴ

292 2121 414 2198 dicens:
440 2123 472 2186 id
488 2124 572 2207 quod
588 2125 673 2208 sapit
688 2126 777 2206 mihi,
800 2127 882 2205 volo,
905 2127 990 2211 quod
1012 2146 1076 2190 non
1092 2123 1187 2208 sepit,
1204 2144 1345 2207 unquam
1357 2119 1445 2188 nolo.

291 2225 343 2291 lta
364 2227 487 2294 faciunt
501 2230 658 2298 immundi
680 2234 713 2295 et
735 2231 896 2316 impudici,
920 2231 976 2315 qui
992 2231 1025 2295 iu
1041 2229 1153 2295 foetore
1168 2229 1302 2294 luxuriae
1324 2233 1446 2294 etcon-

291 2333 492 2415 cupiscentira
514 2339 590 2399 sunt
612 2337 764 2415 consueti,
788 2337 863 2421 quia
885 2338 970 2402 eliud
996 2336 1121 2414 nolunt,
1144 2355 1203 2399 nec
1221 2334 1283 2398 sibi
1298 2333 1444 2416 sapiunt.

291 2435 334 2500 Et
356 2437 383 2500 si
405 2438 565 2523 paulisper
587 2439 816 2506 abstrahuntur
840 2441 879 2506 ab
891 2441 951 2519 his,
975 2441 1078 2518 citius,
1102 2461 1195 2523 quam
1221 2442 1366 2523 possunt,
1392 2459 1443 2502 re·

251 2565 277 2604 ro
291 2545 459 2608 vertuntur
491 2543 531 2608 ad
562 2545 716 2609 vomitum
743 2550 780 2610 ut
803 2546 897 2613 canis.
945 2545 1019 2610 Ideo
1042 2544 1119 2609 dicit
1141 2541 1364 2608 Hierouimus:
1398 2565 1445 2607 vre

290 2647 357 2725 illi,
381 2649 492 2732 quiin
516 2650 641 2715 luxurie
664 2651 763 2716 vitam
785 2651 924 2729 finierit,
949 2672 994 2716 vae
1019 2650 1088 2728 illi,
1111 2648 1164 2732 qui
1189 2651 1268 2712 tnnc
1292 2646 1445 2712 habuerit

291 2753 463 2818 terminum
495 2754 638 2820 luxuriae.
684 2754 859 2822 Fabulatur
888 2757 990 2835 enim,
1022 2754 1106 2840 quod
1135 2753 1247 2818 sancho
1276 2753 1374 2818 semel
1406 2753 1444 2817 de

291 2855 389 2920 humo
411 2857 510 2923 exivit
532 2861 565 2922 et
586 2881 643 2942 per
663 2859 755 2925 flores
782 2861 1038 2946 amygdalorum,
1069 2857 1212 2923 liliorum
1244 2861 1441 2923 et'rosarum

291 2965 360 3025 tota
380 2961 432 3058 die
461 2961 628 3028 advolavit.
674 2963 726 3029 Ad
756 2985 921 3050 vesperum
951 2969 1057 3029 autem
1087 2965 1125 3029 ad
1156 2961 1359 3028 volutabrum
1391 2983 1442 3026 re·

253 3088 278 3128 au
291 3089 398 3133 versus
430 3072 478 3134 cst
507 3073 540 3133 et
571 3069 695 3134 invenit
727 3069 936 3135 concubinam
968 3091 1075 3149 auam,
1107 3067 1191 3133 unde
1222 3088 1293 3133 cum
1324 3087 1441 3152 magno

291 3173 418 3260 gaudio,
441 3173 555 3239 affectu
577 3178 609 3240 et
632 3175 785 3240 desiderio
808 3197 841 3240 se
863 3176 952 3240 intus
971 3175 1105 3259 jactavit
1120 3173 1243 3238 diceus:
1266 3171 1349 3237 nihil
1365 3176 1441 3237 sunt

292 3279 402 3344 odores
433 3284 466 3345 et
496 3279 709 3364 pretiositates
742 3279 856 3344 florum
880 3284 1022 3364 respectu
1044 3279 1105 3345 loci
1127 3277 1229 3344 iatius.
1276 3275 1329 3343 Sic
1350 3277 1436 3342 euim

292 3386 327 3448 in
349 3384 476 3450 luxuria
498 3389 530 3450 et
551 3385 720 3469 putredine
741 3384 841 3450 vitam
862 3384 978 3450 finivit.

502 3557 558 3623 De
578 3559 799 3643 pellicano
823 3557 1049 3636 solitario,
1073 3556 1147 3641 dial.
1174 3559 1225 3622 77.
1320 3576 1324 3584 ’

254 3722 279 3759 so
380 3699 570 3778 Pellicanus,
594 3700 672 3766 dicit
688 3701 812 3785 Papias,
836 3705 885 3766 est
906 3698 973 3764 avis
995 3719 1103 3782 parva,
1127 3718 1197 3781 quae
1212 3695 1246 3760 in
1270 3695 1439 3760 solitudine
1552 3687 1553 3700 ¹

294 3805 476 3870 delectabar.
523 3807 666 3883 Quadam
688 3811 794 3872 autem
818 3806 885 3872 vice
908 3828 985 3870 anas
1007 3809 1039 3869 et
1055 3823 1146 3869 anser
1161 3803 1305 3868 lecerunt
1320 3823 1437 3866 coenam
1552 3807 1553 3842 l

293 3931 452 3994 magnam,
477 3911 516 3974 ad
540 3933 635 3995 quam
657 3911 875 3976 invitaverunt
897 3931 1005 3975 omncs
1029 3907 1216 3972 domesticas
1247 3905 1360 3983 alites,
1388 3927 1437 3969 vc·

293 4019 471 4080 rumtamen
497 4019 534 4080 ut
556 4037 646 4081 coena
667 4016 806 4082 nobilior
828 4015 988 4094 existeret,
1013 4015 1264 4098 peragraverunt
1278 4011 1315 4074 in
1330 4011 1436 4076 solitu-

295 4119 401 4185 dinem
424 4124 456 4184 et
479 4119 671 4205 pellicanum
701 4142 806 4186 secum
837 4120 1069 4204 perduxerunt,
1100 4139 1189 4183 coena
1220 4120 1326 4181 autem
1359 4116 1438 4182 lacta

254 4245 280 4284 a
294 4246 403 4290 omnes
424 4225 564 4290 volucres
588 4227 749 4292 curialiter
778 4227 1021 4292 obsecraverunt
1047 4224 1277 4308 pellicanum„
1293 4226 1329 4287 ut
1360 4223 1436 4288 inter

296 4335 405 4416 gentes
428 4353 535 4396 secum
556 4333 743 4398 commorari
766 4333 877 4410 vellet,
912 4354 951 4396 ne
982 4332 1015 4396 in
1048 4334 1138 4395 tanta
1160 4333 1250 4394 vasta
1271 4327 1435 4393 solitudine
