3160 4960
591 369 750 432 ‘2⁷

158 543 326 610 dullatum.
362 539 422 606 His
438 543 542 606 autem
560 539 677 607 auditis
692 542 800 626 vipera
815 542 913 608 dixit:
936 547 1104 628 postquam
1120 564 1212 609 verus
1228 539 1308 607 ami·

158 669 213 714 cus
236 669 268 713 aa
291 649 323 711 et
345 650 497 724 sensatus,
524 647 646 725 vellem,
670 647 697 712 si
720 646 866 730 placeret,
891 647 1020 732 speciali
1043 648 1184 714 amicitia
1203 652 1307 712 tecum

157 751 284 838 stringi.
331 750 377 817 At
398 750 453 816 ille
474 751 655 836 respondit:
679 773 738 838 ego
760 756 845 818 certe
867 753 985 818 amicus
1008 775 1078 832 sum
1100 753 1233 832 eunctis,
1257 753 1309 816 in·

43 847 45 850 ⁵
156 860 256 924 timus
271 857 389 941 paucis,
412 855 613 922 fidelissimus
631 857 794 933 universis,
819 879 893 922 nam
909 858 965 940 qui
980 880 1045 923 non
1060 877 1169 924 omnes
1185 857 1303 942 diligit,

129 963 341 1027 anullatenus
364 983 402 1026 ex
427 962 542 1026 virtuto
564 961 693 1038 amavit,
718 963 750 1026 et
772 961 826 1042 qui
849 965 898 1026 est
920 961 1052 1027 intimus
1075 961 1233 1047 pluribus,
1257 960 1305 1024 di-

156 1068 258 1132 lector
280 1065 398 1132 nullius
428 1069 476 1130 est
498 1085 641 1150 magnus.
687 1064 844 1130 Minuitur
867 1067 950 1130 enim
974 1066 1074 1130 divisa
1087 1068 1198 1134 virtus.
1244 1065 1304 1132 Ni-

156 1172 273 1236 mirum
295 1173 398 1236 mater
419 1172 491 1254 plus
514 1170 621 1255 diligit
645 1171 791 1250 unicum,
824 1192 919 1255 quam
951 1171 1045 1236 simul
1077 1173 1305 1252 numerum,si

156 1275 329 1352 habuisset,
353 1279 509 1342 natorum.
556 1275 707 1340 Attamen
732 1275 760 1338 si
773 1275 912 1339 finaliter
928 1275 975 1340 vis
991 1275 1109 1352 audire,
1133 1277 1214 1341 nulli
1230 1295 1305 1361 ergo

156 1382 272 1446 intima
299 1381 465 1446 dilectione
497 1379 695 1465 adstringor,
731 1381 793 1444 nisi
824 1381 912 1461 cujus
946 1381 1099 1447 virtutem
1133 1382 1167 1446 in
1201 1381 1305 1465 longis

116 1507 142 1545 ιι
157 1485 354 1570 temporibus
370 1487 402 1548 et
417 1484 569 1548 virtutem
585 1483 619 1546 in
635 1483 723 1547 mille
738 1483 956 1548 calamitatum
972 1485 1100 1570 ignibus
1117 1485 1304 1573 comprobo;

155 1590 267 1654 vinum
290 1590 374 1654 enim
397 1611 513 1654 novum
537 1609 635 1652 novus
657 1588 786 1666 amicus,
809 1589 893 1672 sapit
916 1588 1042 1673 quidem
1065 1591 1182 1668 inore,
1208 1589 1304 1654 bullit

155 1695 190 1760 in
222 1698 349 1776 ventre,
379 1695 466 1760 fallit
487 1695 521 1758 in
544 1695 665 1777 capite,
690 1693 769 1758 latet
792 1693 1013 1758 turbulentum
1036 1695 1069 1758 in
1092 1695 1176 1759 faece.
1222 1693 1307 1759 Huic

154 1800 275 1865 amicus
296 1799 467 1865 stultorum
490 1798 647 1864 efficietur
668 1798 791 1866 similis.
840 1799 909 1876 Quo
932 1799 1016 1864 dioto
1038 1800 1235 1884 repudiatum
1255 1800 1303 1864 di·
1337 1811 1338 1816 ’

155 1904 253 1971 misit.

113 2133 140 2172 ιι
155 2115 245 2179 Uni
261 2115 544 2181 dilectissimo
559 2119 741 2194 tantum,
758 2136 850 2180 cum
866 2135 1034 2180 necesse
1049 2114 1200 2191 fuerit,
1216 2135 1304 2200 peo-

609 2226 679 2285 tus
711 2221 840 2285 crede.

393 2393 448 2458 De
471 2415 594 2458 corvo
618 2405 659 2458 et
679 2394 891 2474 columba,
916 2416 982 2479 cap.
1000 2373 1059 2462 ⁸20.

241 2531 358 2599 Corvus
382 2555 453 2598 curu
476 2534 651 2598 ruminaret
673 2533 759 2598 iutra
782 2555 831 2611 se,
865 2535 914 2599 oui
943 2535 992 2599 sui
1015 2535 1118 2601 cordis
1140 2534 1301 2600 interdum

152 2644 260 2724 posset
281 2639 514 2710 communicare
536 2641 699 2730 secretum,
723 2638 870 2703 columba
891 2639 970 2704 talia
986 2641 1180 2726 cogitantem
1195 2639 1301 2722 adspi-

113 2764 139 2802 ιο
154 2744 239 2808 aiens
255 2743 385 2810 accessit
408 2743 539 2806 adeum
565 2742 684 2808 dicens:
708 2743 784 2826 qnid
807 2746 958 2828 estquod
982 2746 1073 2810 tanta
1096 2745 1302 2810 meditatione

153 2849 285 2933 cogitas,
309 2847 431 2914 frater?
452 2845 510 2913 Cui
533 2847 607 2913 illes
632 2849 768 2914 meditor
791 2855 875 2915 certe
897 2851 998 2929 modo,
1022 2849 1106 2934 quod
1128 2849 1299 2914 stultorum

153 2953 299 3018 infinitus
321 2957 370 3018 est
392 2974 541 3018 numerus
562 2958 594 3017 et
617 2953 795 3037 sapientum
819 2955 909 3038 valde
934 2977 1066 3039 paucus,
1098 2955 1215 3039 quippe
1249 2974 1301 3019 co·

152 3060 273 3143 gitatus
296 3059 395 3143 ipsius
417 3057 520 3124 cordis
543 3061 591 3122 est
614 3059 774 3124 intimum.
821 3057 905 3123 Nam
928 3060 1123 3143 quirevelat,
1148 3058 1231 3144 quod
1247 3080 1299 3124 co-

153 3163 246 3248 gitat,
271 3185 324 3228 cor
346 3163 550 3230 demonstrat.
596 3163 672 3240 Quae
694 3164 794 3248 igitur
815 3185 858 3242 es,
884 3170 922 3228 ut
945 3166 1015 3229 dem
1038 3169 1069 3230 et
1092 3165 1214 3230 credam
1239 3163 1300 3228 tibi

114 3288 139 3326 2⁵
153 3291 206 3335 cor
227 3292 331 3334 meum
354 3273 421 3334 tam
443 3269 523 3334 mibi
545 3270 757 3347 carissimum,
787 3271 886 3336 vitam
910 3291 1012 3334 meam
1034 3273 1099 3334 tom
1124 3268 1299 3333 occultissi-

154 3396 247 3452 mam,
266 3375 435 3439 medullam
451 3397 550 3439 meam
568 3379 635 3440 tam
650 3375 942 3460 profundissimam,
966 3375 1103 3440 radicem
1119 3395 1219 3438 meam
1235 3378 1301 3438 tam

153 3480 419 3544 secretissimam?
450 3483 604 3544 secretum
629 3501 750 3546 mecum
778 3481 873 3560 milri,
899 3482 973 3565 quia
995 3501 1049 3546 cor
1071 3499 1175 3544 meum
1199 3477 1299 3540 mibi!

154 3581 245 3647 Tunc
266 3585 410 3650 columba
432 3585 549 3651 talibus
559 3587 676 3651 auditis
695 3586 856 3671 adjunxit:
879 3589 942 3652 scio
958 3591 1050 3665 certe,
1068 3586 1149 3670 quod
1166 3584 1298 3650 callidus

153 3709 185 3752 es
198 3691 321 3756 natura.
366 3688 416 3755 Ob
438 3691 498 3756 boo
519 3713 608 3779 rogo,
631 3692 741 3766 frater,
766 3715 815 3758 me
831 3694 962 3772 instrue,
987 3691 1115 3776 quantis
1128 3695 1159 3754 et
1175 3689 1299 3773 quibus,

112 3813 138 3852 so
152 3791 178 3856 si
203 3814 325 3858 necesse
346 3794 454 3875 fuerit,
478 3797 600 3862 credam
624 3797 774 3862 securiter
797 3818 851 3862 cor
874 3818 978 3860 meum
995 3795 1192 3880 quandoque.
1226 3792 1301 3858 Mox

151 3895 207 3962 ille
230 3897 365 3964 libenter
386 3921 530 3966 annuens
552 3902 673 3987 inquit:
697 3902 849 3966 nimirum
872 3905 929 3966 aut
949 3901 1005 3966 uni
1027 3906 1084 3965 aut
1106 3899 1197 3976 nulli,
1221 3899 1301 3962 eleo·

151 4001 274 4067 tissima
292 4005 376 4069 enim
399 4027 499 4089 pauca
521 4011 554 4071 et
575 4006 652 4072 fides
675 4029 755 4072 rara.
801 4006 848 4072 Ea
870 4011 976 4072 autem
999 4005 1038 4070 fit
1060 4027 1115 4070 vas
1137 4005 1300 4089 pretiosis-

153 4105 268 4170 simum
292 4113 324 4172 et
346 4110 542 4193 gebuinum,
574 4133 711 4196 namque
733 4111 766 4174 in
789 4111 850 4176 hoc
872 4133 925 4176 cor
948 4111 1118 4176 salubriter
1142 4109 1298 4188 conditur,
1429 4180 1435 4191 Χ

150 4213 227 4296 quia
249 4233 307 4277 uec
328 4235 348 4278 a
369 4235 402 4278 ss
425 4215 495 4298 ipso
517 4237 658 4299 unquam
683 4215 867 4280 dissolvitur
890 4237 992 4300 neque
1014 4238 1033 4280 a
1057 4216 1140 4280 ferro
1166 4216 1214 4278 vel
1237 4215 1300 4279 alio

114 4316 312 4402 stranguer
336 4339 393 4383 nec
415 4319 497 4383 mira
519 4320 586 4402 ejus
609 4320 753 4384 soliditas
781 4341 800 4384 a
822 4320 1031 4385 subtilissimo
1057 4321 1170 4385 caloris
1193 4320 1301 4385 aculeo

154 4421 375 4506 pertransitur.
421 4422 545 4510 Quippe
567 4448 679 4492 venam
703 4449 830 4494 auream
853 4429 968 4494 natura
991 4427 1117 4493 telluris
1137 4427 1170 4490 in
1184 4426 1302 4492 abditis
