3146 4962
840 291 904 352 210

297 461 399 526 velint
414 481 479 524 esse
491 459 649 525 auditores
665 460 686 525 ¹.
724 459 777 524 Sic
792 461 877 525 enim
889 461 1023 526 stultum
1035 465 1085 526 est
1097 462 1195 546 loqui,
1218 461 1275 526 ubi
1291 459 1456 527 auditores

296 564 468 629 fastidiunt
490 565 606 629 audire.
654 563 728 630 [deo
752 587 809 630 nos
833 566 983 631 admonet
1006 565 1123 632 Eccles.
1140 565 1300 632 XXX110:
1323 567 1382 631 ubi
1397 588 1456 630 an·
1557 551 1558 554 Ἴ

297 669 383 734 ditus
394 690 458 733 non
475 673 532 746 est,
550 691 590 733 ne
605 669 749 734 effundas
765 691 951 748 sermonem,
974 675 1006 735 et
1021 675 1132 758 postea
1147 671 1180 735 in
1197 671 1300 736 medio
1316 693 1454 756 magna-

296 780 404 840 torum
425 797 491 839 non
513 795 683 858 praesumas
704 775 812 859 loqui,
841 781 874 840 et
896 777 950 841 nbi
973 780 1049 841 sunt
1078 799 1187 857 senes,
1216 799 1281 842 non
1310 776 1456 841 multum

270 881 448 964 eloquaris.
491 877 543 946 Sic
572 880 658 944 enim
690 885 726 944 ut
758 901 870 944 corvus
901 880 983 945 male
1010 882 1151 947 cantavit
1172 882 1302 966 quidam
1326 884 1455 967 legatus

297 1007 402 1051 coram
426 1007 501 1070 rege
523 984 683 1070 Philippo.
730 982 778 1049 De
801 1005 863 1068 quo
886 987 997 1049 narrat
1019 983 1138 1053 Seneca
1151 985 1235 1052 libro
1249 986 1318 1051 111⁰
1338 987 1378 1052 de
1393 987 1454 1052 ira

297 1091 349 1156 Ad
372 1111 466 1176 quem
498 1111 569 1156 oum
592 1091 754 1155 venissent
785 1090 884 1175 legati
906 1087 1170 1169 Atheniensium,
1202 1111 1311 1156 eorum
1340 1091 1455 1156 andita

297 1196 457 1281 legatione
480 1195 619 1280 benigne
641 1195 687 1258 eit
710 1193 893 1278 Philippus:
924 1194 1038 1273 dicite,
1071 1194 1147 1278 quid
1176 1195 1279 1260 facere
1309 1217 1454 1280 possum,

297 1301 381 1385 quod
411 1304 539 1386 gratum
571 1300 616 1363 sit
649 1299 907 1364 Atheniensibus.
962 1299 1022 1364 Cui
1053 1300 1217 1383 respondit
1248 1299 1455 1366 Democritus

258 1421 284 1458 1⁰
297 1427 379 1470 nnus
402 1405 441 1470 de
464 1404 596 1490 legatis:
623 1407 674 1480 te,
706 1402 829 1488 inquit,
859 1404 1049 1488 suspendere
1070 1404 1191 1470 scilicet
1214 1410 1298 1471 esset
1319 1411 1455 1492 gratarm

298 1509 560 1586 Atheniensibus,
584 1512 617 1574 et
634 1529 706 1572 curn
721 1509 963 1574 circumstantes
978 1513 1083 1574 essent
1098 1509 1260 1595 indignati
1283 1515 1316 1575 et
1329 1511 1456 1576 vellent

296 1617 331 1680 in
359 1637 429 1680 enm
461 1614 599 1690 irruere,
630 1613 726 1696 jussit
754 1634 810 1677 rex
842 1613 934 1678 illum
967 1615 1161 1698 impunitum
1190 1615 1312 1680 dimitti
1341 1617 1455 1681 dicens

296 1721 418 1784 caeteris
441 1719 571 1804 legatis:
594 1718 742 1783 nuntiate
764 1717 1016 1783 Atheniensibus
1038 1720 1140 1785 multo
1156 1719 1354 1804 superbiores
1369 1735 1461 1799 esse,·

298 1826 352 1910 qui
375 1826 438 1890 ista
460 1825 580 1902 dicunt,
604 1845 699 1906 quam
723 1823 778 1906 qni
800 1823 960 1908 patienter
982 1825 1125 1888 andiunt.

257 2042 282 2080 ra
482 2015 536 2080 De
558 2015 738 2080 ciconia
759 2019 799 2079 et
821 2014 1082 2099 hyrundine,
1106 2015 1179 2080 dial.
1206 2019 1257 2080 67.

384 2151 513 2218 Oiconia
535 2152 644 2216 nidum
668 2152 701 2215 in
719 2152 854 2235 quadem
869 2153 951 2217 turri
980 2152 1116 2217 iaciebat
1129 2154 1209 2219 foris
1224 2155 1258 2220 in
1274 2157 1452 2234 cacumine,

295 2258 442 2344 hyrundo
464 2279 538 2322 vero
561 2259 657 2322 intus.
703 2255 761 2320 sed
792 2255 938 2340 hyrundo
969 2257 1143 2342 saepissime
1166 2259 1325 2325 clamabat
1354 2265 1387 2324 et
1409 2261 1453 2324 de

296 2365 380 2430 natis
403 2365 499 2450 pullis
522 2362 707 2438 laetabatur,
737 2362 859 2425 ciconia
887 2383 959 2426 vcro
981 2363 1015 2425 in
1037 2363 1097 2428 hoc
1120 2364 1320 2432 tristabatur.
1367 2363 1450 2428 Ourn

295 2471 380 2534 enirn
403 2468 531 2533 volebat
553 2467 710 2550 quiescere
725 2486 797 2529 cum
811 2464 896 2540 filiis,
920 2486 984 2529 non
1001 2467 1126 2532 valebat
1141 2473 1274 2553 propter
1288 2469 1451 2554 garritum

256 2574 495 2660 rohyrundinia.
540 2571 616 2636 ldeo
639 2571 769 2635 absente
791 2569 970 2653 hyrundinc
993 2571 1114 2636 ciconia
1138 2573 1248 2638 nidum
1270 2573 1358 2638 illius
1382 2573 1450 2637 dis-

295 2681 412 2762 sipavit
434 2683 467 2742 et
488 2678 593 2762 pullos
616 2676 703 2740 iliius
725 2675 896 2739 interemit.
942 2673 1083 2758 Cumque
1114 2678 1154 2742 ed
1186 2679 1297 2743 nidum
1321 2699 1450 2743 reversa

295 2783 407 2846 fuisset
429 2783 585 2867 hyrundo,
608 2781 695 2844 ultra
718 2801 812 2862 quam
836 2779 1063 2863 credipotest,
1087 2783 1278 2847 tristabatur
1300 2784 1339 2848 de
1360 2783 1446 2848 inte·

294 2888 359 2950 ritu
382 2887 535 2964 filiorum,
568 2885 622 2949 sed
644 2885 719 2969 quia
741 2885 928 2970 ignorabat,
961 2885 1032 2969 quia
1064 2886 1123 2952 hoc
1153 2887 1182 2951 ei
1205 2887 1348 2965 iecisset,
1379 2909 1447 2952 non

294 3013 327 3056 se
350 2992 539 3061 vindicabat.
586 2989 686 3054 Paulo
709 2994 782 3073 post
802 2989 918 3054 iterum
942 3011 974 3054 se
995 2991 1156 3074 reparavit
1178 2991 1325 3076 hyrundo
1347 2997 1379 3058 et
1395 2993 1447 3056 ni·

257 3121 283 3158 ra
297 3099 373 3162 dum
395 3097 573 3162 construxit
605 3117 641 3160 ac
669 3094 752 3158 filios
775 3095 969 3178 procreavit,
1001 3095 1039 3160 de
1060 3096 1176 3179 quibus
1197 3097 1386 3175 laetabatur,
1417 3101 1449 3162 et

297 3203 470 3286 plurimum
493 3201 669 3286 garriebat,
700 3198 821 3263 ciconia
849 3220 923 3263 vero
951 3203 989 3262 ut
1018 3199 1108 3282 prius
1140 3200 1327 3284 perturbata
1348 3203 1448 3288 coepit

265 3387 272 3394 .
296 3308 461 3373 vociferari
483 3308 606 3372 dicens:
636 3310 720 3370 certe
749 3304 832 3368 sicut
860 3303 922 3368 tibi
943 3302 1019 3380 feci,
1051 3305 1155 3370 adhuc
1176 3305 1308 3384 faciam,
1343 3307 1448 3391 pullos

295 3419 367 3479 tuos
397 3435 468 3478 oum
499 3413 574 3478 nido
605 3408 831 3496 praecipitabo,
866 3412 1034 3492 propterea
1064 3411 1147 3494 quod
1179 3411 1350 3496 garriendo
1381 3431 1448 3476 non

295 3519 454 3603 permittis
486 3541 536 3582 me
566 3539 638 3582 cum
660 3515 735 3579 filiis
764 3513 994 3596 conquiescere.
1039 3513 1109 3579 Hoc
1138 3516 1269 3582 eudiem
1300 3517 1449 3603 hyrundo

256 3647 282 3683 eo
296 3628 327 3687 et
350 3643 549 3708 cognoscens,
574 3620 657 3704 quod
679 3619 800 3683 ciconia
822 3617 905 3681 filios
929 3639 1002 3682 suos
1024 3619 1171 3702 peremit,
1194 3623 1264 3685 toto
1287 3621 1394 3687 studio
1416 3644 1448 3687 sc

294 3727 484 3811 peroptabat
508 3725 677 3790 vindicare.
723 3723 843 3788 Idcirco
864 3723 1000 3806 quadam
1016 3723 1084 3788 viee
1098 3724 1302 3790 dormiente²
1326 3727 1449 3792 ciconia

295 3854 366 3896 curn
388 3831 464 3896 filiis
488 3831 634 3916 hyrundo
657 3831 691 3892 in
714 3828 788 3893 nido
813 3827 901 3892 illius
924 3829 1033 3914 ignem
1056 3829 1165 3912 posuit
1194 3834 1228 3895 et
1249 3831 1353 3914 ipsam
1374 3852 1448 3896 cnm

294 3937 391 4020 pullis
404 3937 467 4001 auis
479 3935 690 4000 inflammavit
703 3933 825 3998 dicens:
852 3932 907 4015 qui
922 3954 955 3997 se
970 3933 1057 3998 videt
1070 3934 1278 4014 vindicatum,
1293 3937 1449 4019 prospicit

295 4061 329 4105 se
351 4042 557 4107 consolatum.
603 4040 641 4106 In
664 4039 726 4105 hoc
748 4042 888 4123 apparet,
916 4038 999 4122 qnod
1022 4059 1086 4105 non
1109 4038 1185 4104 licet
1206 4038 1373 4106 inferiores
1396 4039 1448 4104 in-

859 4159 877 4198 ἢ

367 4268 380 4320 1
400 4267 524 4322 Andere:
543 4267 671 4320 cantores
691 4264 745 4318 nisi
762 4265 827 4328 sint,
847 4263 895 4332 qui
914 4262 1004 4318 velint
1022 4279 1080 4318 esse
1099 4262 1251 4320 auditores.
1300 4265 1449 4322 2Andere

293 4353 451 4424 unrichtig:
470 4353 619 4410 dormiens.
