3096 4944
712 335 775 397 239

161 503 259 568 titulo
283 504 557 582 circumvestiunt;
593 505 668 588 quia
697 505 742 569 sic
764 509 903 590 pergunt
924 505 1099 585 obstinati,
1131 509 1262 572 nullam·
1277 512 1313 573 nt

160 632 249 694 spem
288 609 526 696 emendatiolnis
558 611 736 694 praebeant3
775 611 850 694 quia
884 633 984 702 capsae
1018 611 1231 697 cognitionem
1265 613 1311 678 le·

159 715 309 798 gitimam
343 715 533 799 defugiunt,
571 719 604 779 et
636 713 787 778 simulata
820 715 945 780 concilii
983 716 1144 780 mentione
1185 721 1312 782 contro·

161 819 297 884 versiam
319 841 445 884 omnem
469 839 505 882 eo
527 819 686 901 rejiciunt,
715 822 751 882 ut
773 840 861 902 spem
883 823 915 883 et
937 822 1185 902 expectationem
1209 821 1311 885 homi·

161 945 241 987 num
264 924 409 1000 eludant3
433 924 508 1008 quia
530 924 656 988 demum
679 924 787 988 tristes
810 924 927 1008 ubique
950 929 1055 989 motus
1078 931 1110 990 et
1132 926 1241 990 turbas
1257 948 1311 990 ex·

163 1027 276 1107 citant,
299 1035 336 1092 ut
356 1027 533 1112 potentiam
553 1027 642 1093 illam
657 1049 756 1106 suam,
780 1029 899 1094 nelarie
915 1029 1111 1112 acquisitam,
1135 1032 1309 1095 retineant:

164 1132 213 1197 hm
236 1133 377 1217 profecto
398 1155 499 1198 causae
522 1155 647 1199 movere
665 1138 707 1212 te,
731 1132 844 1211 Cacsar,
868 1135 992 1212 debent,
1015 1138 1052 1198 ut
1067 1134 1207 1218 ipsorum
1222 1136 1312 1202 milla

160 1237 286 1301 ratione
307 1237 438 1316 habita,
473 1238 638 1323 negotium
668 1237 728 1302 hoc
756 1238 920 1323 religionis
951 1259 1069 1324 magno
1098 1239 1202 1303 studio
1226 1260 1309 1304 com-

159 1341 318 1424 plectaris.
364 1340 448 1406 Nam
472 1343 613 1406 existunt
635 1345 721 1406 certa
744 1343 909 1427 scriptume
931 1343 1131 1423 testimonia,
1164 1347 1197 1408 et
1217 1345 1311 1430 signa

160 1447 293 1510 minime
317 1445 464 1523 obscura,
488 1467 558 1530 qum
580 1447 672 1512 nobis
694 1447 900 1526 denuntiant,
924 1451 1004 1514 iram
1027 1448 1087 1513 Dei
1109 1447 1310 1514 vehementer

162 1551 195 1615 in
218 1551 291 1616 illos
314 1550 551 1630 inflammatam,
575 1555 608 1614 et
629 1551 766 1615 similem
781 1551 924 1616 futurum
941 1573 1006 1616 esse
1022 1553 1163 1638 ipsorum
1178 1555 1309 1633 exitum,

163 1656 215 1740 qui
232 1655 295 1720 fuit
310 1677 429 1734 eornm,
454 1675 532 1738 quos
547 1658 677 1738 propter
699 1655 895 1738 impietatem
918 1659 951 1720 ct
973 1657 1183 1742 blasphemias
1204 1658 1309 1723 horri-

160 1761 267 1826 biliter
289 1760 425 1846 singulis
447 1749 642 1843 temporibus
666 1759 751 1824 Deus
773 1761 904 1824 adflixit.
950 1759 1128 1826 Deserenda
1150 1766 1225 1826 sunt
1247 1761 1308 1847 igi-

162 1869 215 1931 tur
238 1865 365 1931 illorum
388 1868 507 1944 castra,
542 1886 583 1928 ne
611 1885 682 1929 cum
712 1865 788 1948 ipsis
819 1865 1003 1950 deprehensi
1026 1889 1150 1954 poenam
1175 1868 1307 1932 inanius.

161 1969 306 2036 Contulit
329 1971 388 2036 tibi
410 1969 495 2034 Deus
518 1969 686 2035 innumera
707 1970 875 2049 beneficia,
907 1976 939 2037 ct
962 1995 1013 2049 ca,
1038 1994 1132 2056 quam
1157 1972 1307 2050 videmus

160 2095 265 2138 rernm
300 2075 481 2139 immutatio
509 2075 633 2139 videtur
655 2074 722 2140 fato
746 2075 882 2159 quodam
905 2077 938 2140 in
961 2084 993 2142 te
1015 2080 1166 2160 tuamque
1181 2077 1308 2140 domum

160 2179 317 2243 incidisse.
364 2177 439 2254 Qum
462 2179 537 2242 licet
558 2179 643 2244 inter
665 2183 784 2244 ceteras
808 2180 986 2246 Germaniae
1008 2181 1188 2265 principum
1214 2181 1308 2245 femi·

159 2285 221 2348 lias
253 2284 385 2349 illustris
420 2283 588 2348 admodum
620 2287 652 2347 et
674 2287 788 2368 potens
810 2289 843 2349 et
864 2285 971 2369 ampla
992 2289 1025 2348 et
1048 2285 1172 2368 copiosa
1197 2289 1228 2349 et
1250 2286 1308 2350 ho-

158 2391 273 2453 norata
295 2409 419 2473 semper
441 2389 601 2466 extiterit,
633 2388 723 2453 valde
752 2393 860 2454 tamen
883 2394 975 2455 aucte
996 2391 1059 2455 fuit
1082 2394 1113 2455 et
1137 2389 1307 2470 illustrata,

160 2515 376 2578 magnamque
398 2493 537 2558 nominis
560 2492 697 2578 gloriam
720 2496 768 2557 est
790 2499 965 2560 consecuta
1004 2493 1159 2572 Primum,
1183 2495 1307 2578 qnando

723 2668 742 2708 d

156 2810 325 2888 beharren,
349 2809 413 2873 und
437 2805 505 2873 sich
527 2808 560 2872 in
585 2809 680 2873 allem
702 2807 769 2873 also
792 2807 951 2893 gehalten,
976 2809 1030 2874 des
1046 2831 1120 2874 man
1138 2805 1309 2896 notlirfftig

155 2937 198 2980 an
221 2915 297 2979 inen
320 2913 535 2979 veraweiielen
558 2917 649 2991 mos,
684 2914 739 2977 dos
769 2914 814 2977 sie
844 2915 917 2978 kein
941 2915 1044 2979 weder
1067 2915 1202 2982 General
1225 2915 1307 2980 noch

155 3019 314 3086 National
333 3018 465 3096 Concili‚
488 3019 568 3084 noch
591 3020 697 3104 einige
719 3018 827 3084 reehte
848 3019 1013 3084 erlrsntnis
1037 3021 1091 3083 der
1112 3020 1226 3085 snclren
1249 3019 1308 3082 lei-

154 3127 216 3190 den
240 3131 366 3211 mdgen,
391 3125 456 3189 und
479 3125 534 3190 das
556 3125 602 3189 sie
625 3124 674 3188 nit
697 3147 757 3188 von
773 3145 882 3210 wegen
900 3124 955 3188 der
970 3125 1033 3189 lere
1049 3125 1129 3188 noch
1146 3123 1306 3207 Religion,

155 3231 272 3295 sonder
304 3213 388 3292 umb¹
413 3229 477 3293 irer
506 3229 734 3296 herrschafften
766 3231 831 3294 und
865 3228 994 3318 prachts
1016 3230 1143 3307 millen,
1179 3226 1307 3292 solchen

150 3337 253 3421 jamer
278 3335 310 3398 in
336 3334 391 3398 der
414 3335 487 3399 well
509 3337 681 3400 adrichten.
729 3335 795 3399 Ans
829 3336 916 3400 disen
947 3333 1101 3399 ursachen
1131 3334 1178 3398 sol
1201 3331 1236 3396 E.
1261 3332 1305 3396 Μ.

154 3439 338 3526 vilgemelte
358 3440 594 3524 gegenwcrtige
609 3441 694 3519 sach,
718 3428 864 3504 ho'ehlich
880 3443 919 3504 ad
933 3439 1061 3503 hertzen
1079 3461 1202 3516 nemen,
1226 3435 1306 3502 auch

155 3546 185 3608 ir
208 3543 377 3630 dieselbige
397 3566 454 3609 vor
476 3545 558 3610 allen
583 3545 699 3631 dingen
725 3546 793 3610 suff
812 3545 906 3610 erden
929 3544 1030 3608 lassen
1054 3543 1207 3606 bevolhen
1225 3542 1302 3607 sein.

156 3648 251 3712 Denn
274 3649 344 3731 [61]
368 3671 399 3712 es
423 3649 494 3712 sind
515 3649 558 3714 vil
574 3672 699 3735 grosser
715 3650 862 3733 gewisser
878 3651 1093 3734 anzeigungen
1111 3647 1303 3726 remandes,

154 3753 269 3816 claraus
292 3753 422 3818 eldrlich
446 3754 636 3819 abzdnemen
662 3755 727 3820 und
750 3759 788 3820 nd
811 3755 908 3819 sehen
930 3756 992 3832 ist,
1019 3754 1074 3818 das
1097 3752 1208 3818 Gottes
1231 3773 1305 3816 rorn

153 3851 233 3920 fiber
255 3856 314 3920 den
338 3857 478 3921 heilosen
501 3857 638 3937 hnutfen,
662 3858 777 3944 hefftig
799 3857 995 3942 angeztlndet
1018 3857 1073 3936 ist,
1106 3856 1171 3920 und
1195 3856 1250 3920 das
1273 3877 1305 3920 cs

153 3961 229 4025 inen
254 3961 304 4024 nit
326 3962 439 4026 anders
461 3962 563 4048 gehen
588 3965 671 4042 wire,
694 3965 780 4029 daun
802 3964 862 4028 wie
884 3985 916 4028 es
939 3964 999 4027 den
1024 3963 1221 4026 verstockten
1240 3961 1306 4026 und

153 4064 386 4149 halsstarrigen
410 4068 448 4129 ad
470 4066 554 4130 allen
577 4066 678 4131 zeiten
701 4087 827 4153 gangen
860 4067 910 4130 ist.
957 4065 1031 4130 Und
1054 4067 1101 4130 sol
1125 4065 1193 4129 sich
1217 4066 1303 4130 dem-

154 4168 237 4233 naeh
271 4167 306 4231 Ε.
340 4168 383 4232 M.
416 4191 476 4233 von
508 4170 582 4235 inen
614 4193 672 4256 gar
703 4173 898 4236 absonderen
928 4172 993 4235 und
1029 4171 1063 4234 in
1094 4171 1192 4234 disem
1224 4171 1304 4234 han-

155 4273 202 4338 del
236 4274 415 4338 dermassen
449 4275 612 4359 cneigen,
647 4276 701 4341 das
732 4277 777 4339 sie
808 4275 878 4339 dem
902 4275 1044 4343 obristen
1068 4275 1208 4354 richter‚
1243 4277 1305 4340 ires

154 4379 387 4463 cnrplangencn
411 4377 549 4444 befelclrs
579 4380 643 4444 und
667 4381 923 4445 administration
948 4385 1025 4465 gdte
1046 4381 1119 4446 rede
1142 4380 1207 4446 und
1230 4383 1303 4444 ant·
