3058 4946
675 323 735 386 109

115 493 274 572 Profecto,
303 495 445 560 incertus
468 499 517 560 est
541 495 710 560 admodum
726 494 778 560 hic
795 497 936 573 eventus,
960 515 1018 559 nec
1033 497 1082 558 est
1096 492 1279 573 verisimile,
1375 579 1378 589 Ι

115 621 167 666 ros
190 607 261 674 tam
285 599 356 666 fore
379 601 513 678 vivaces,
536 605 574 665 ut
589 605 713 685 tempus
728 599 809 664 illud
824 598 990 683 spectetis3
1014 598 1280 682 quemadmodum

116 705 199 770 enim
222 710 368 772 vestram
391 706 483 770 illam
507 727 565 771 nec
587 727 698 789 puram
721 727 779 769 nec
803 704 1003 770 innocentem
1019 704 1119 769 vitam
1135 705 1188 768 diu
1205 725 1276 787 per-

117 809 191 874 tulit
213 833 363 874 summus
387 833 495 875 rerum
519 811 700 876 moderator
721 809 823 888 Deus,
854 810 900 873 ita
923 831 1048 894 quoque
1069 810 1138 874 fieri
1162 812 1278 894 potest,

118 921 151 978 ut
173 916 291 980 vestris
317 916 506 980 adversariis
538 916 666 1000 longius
697 915 825 999 aliquod
857 915 1009 998 temporis
1033 914 1183 979 concedat
1205 935 1279 998 spa·

118 1020 213 1096 tium,
250 1043 352 1103 quam
376 1042 431 1085 vos
454 1021 653 1086 existimetis.
700 1019 785 1096 Quin
809 1020 917 1102 potius
939 1020 1113 1104 agnoscitis
1135 1019 1279 1102 aequissi·

119 1145 202 1188 mum
228 1124 291 1188 Dei
313 1125 481 1209 judicium,
505 1126 560 1209 qui
575 1147 630 1190 vos
647 1125 786 1189 adhunc
802 1125 928 1189 modum
946 1127 1053 1209 raptat
1067 1129 1100 1190 et
1114 1124 1279 1208 exagitat?

120 1229 292 1313 Principio,
318 1251 390 1294 cum
414 1231 547 1316 exiguus
570 1234 651 1294 esset
678 1251 828 1294 numerus
855 1249 973 1306 eorum,
998 1251 1076 1314 quos
1100 1227 1280 1312 capitaliter

119 1334 247 1410 odistis,
282 1333 368 1398 nihil
398 1333 690 1418 praetermittebatis
722 1333 932 1399 acerbitatum
962 1333 996 1398 in
1019 1333 1100 1398 illos.
1148 1332 1280 1410 Deinde,

119 1462 196 1516 cum,
221 1440 387 1504 auctiores
409 1439 499 1516 facti,
524 1439 739 1522 patrocinium
760 1442 792 1502 et
814 1439 947 1504 tutelam
971 1439 1168 1504 invenissent
1194 1436 1279 1522 apud

122 1544 281 1628 principes
305 1544 432 1628 aliquot
447 1549 479 1610 et
494 1545 648 1624 civitates,
672 1551 777 1611 vestra
798 1567 922 1630 quoque
936 1547 999 1611 fuit
1014 1551 1107 1612 aucta
1121 1545 1280 1630 superbia,

122 1649 246 1733 quaudo
271 1649 477 1734 principibus
500 1650 696 1716 interminati
721 1651 911 1736 cogitabatis
933 1671 986 1716 eos
1006 1653 1093 1716 omni
1108 1655 1141 1716 et
1156 1651 1280 1716 dicione

122 1759 151 1818 et
172 1755 341 1840 dignitate
363 1777 492 1838 prorsus
515 1777 643 1832 exuere,
667 1756 767 1820 secuti
790 1759 893 1820 vestra
916 1755 1131 1840 majorumque
1159 1759 1278 1821 vestro-

122 1881 190 1924 rum
212 1860 354 1938 decreta
378 1860 494 1945 quibus
516 1865 668 1944 tanquam
691 1861 777 1926 fossa
798 1866 831 1926 et
853 1861 936 1925 vallo
959 1861 1119 1926 licentiam
1142 1863 1279 1924 vestram

123 1963 410 2048 circumsaepsistis.

698 2089 717 2126 ss

130 2173 200 2240 bald
223 2175 276 2239 cin
302 2175 366 2239 end
390 2175 450 2240 mit
473 2177 546 2241 ineu
571 2177 730 2242 macheu?
775 2177 864 2244 Wolt
894 2178 972 2244 ench
1006 2179 1055 2243 nit
1076 2175 1185 2242 radten
1210 2174 1282 2241 dar-

127 2281 191 2344 auli
210 2284 250 2346 ad
273 2285 418 2359 warmn,
442 2303 475 2344 ee
499 2282 539 2346 ist
562 2283 736 2368 engenius,
761 2283 826 2347 und
847 2282 951 2348 stehet
974 2281 1104 2358 darauf,
1127 2303 1159 2345 es
1182 2282 1283 2346 werde

126 2383 174 2450 bei
195 2405 315 2450 ewerm
340 2384 430 2450 leben
454 2387 505 2451 nit
526 2387 804 2472 geschehen‚=und
827 2392 855 2454 ir
877 2390 1009 2454 woltens
1032 2409 1110 2474 garn
1134 2387 1207 2450 bald
1230 2387 1282 2450 ein

127 2489 185 2554 end
207 2490 326 2556 haben.
373 2491 438 2558 Des
461 2515 492 2558 es
515 2495 592 2560 aber
614 2497 770 2580 ongewiss
793 2495 857 2571 sei,
882 2495 1026 2558 ktinnent
1049 2494 1077 2557 ir
1100 2491 1177 2556 cuch
1201 2490 1284 2555 selbs

130 2596 185 2660 nol
208 2597 390 2662 berichten.
436 2595 530 2664 Danu
563 2599 667 2664 eben¹
702 2601 761 2666 wie
785 2598 862 2664 Gott
894 2598 972 2664 euch
1003 2599 1036 2662 in
1069 2617 1183 2660 ewerm
1206 2595 1284 2679 Epi-

129 2703 290 2767 curischen
316 2702 411 2766 leben
434 2704 530 2789 lange
551 2705 613 2768 neit
635 2705 808 2790 adgesehen
834 2703 898 2768 und
929 2703 1078 2788 geduldet
1109 2701 1185 2779 hat,
1217 2700 1284 2764 also

131 2807 234 2872 mdcht
256 2831 293 2872 er
315 2807 399 2872 auch
421 2808 484 2872 nol
497 2811 609 2874 'swern
635 2809 886 2893 widarwertigen
903 2806 937 2872 in
955 2807 1038 2873 diser
1053 2803 1191 2872 sachen¹
1214 2805 1284 2870 eine

131 2912 188 2976 ruit
218 2913 296 2998 lang
327 2911 476 2976 adseheu.
522 2911 654 2978 Yedoch
683 2935 731 2978 wo
765 2915 794 2978 ir
823 2909 1092 2998 vermei[l0]nent
1122 2913 1172 2977 ein
1208 2913 1284 2996 gdte

133 3019 201 3082 sach
224 3023 264 3084 ad
289 3018 415 3094 haben,
450 3017 514 3081 und
539 3019 594 3082 das
617 3019 644 3082 ir
668 3019 763 3082 deren
787 3017 968 3101 vilftltigen
991 3016 1157 3081 Articlreln
1182 3035 1284 3100 gegen

131 3123 204 3186 ench
234 3119 428 3198 ffirbracht‚
462 3143 521 3204 gar
551 3122 768 3208 entechuldigt
797 3121 907 3199 seind,
942 3119 1045 3186 thund
1077 3120 1105 3182 ir
1128 3121 1170 3182 im
1193 3117 1284 3184 recht

132 3229 237 3306 daran,
261 3227 362 3294 Sonat
384 3233 467 3292 wira
489 3249 521 3291 es
544 3228 621 3291 euch
644 3232 682 3294 nd
705 3228 836 3304 radten,
872 3227 901 3290 ir
930 3226 1056 3290 hettent
1078 3225 1194 3288 andere
1216 3244 1285 3308 weg

132 3333 306 3398 sersdclret.
354 3332 396 3397 da
418 3355 465 3398 wo
489 3333 541 3398 ihr
564 3331 620 3396 dns
644 3331 908 3398 nitmeiaterlich
932 3331 1094 3405 ktnnent,
1118 3327 1286 3402 sowirdts

131 3438 204 3502 euch
229 3438 359 3503 freilich
384 3438 493 3504 lreiner
516 3436 608 3503 nicht
629 3437 727 3502 laren.
761 3435 846 3500 Aber
867 3435 924 3499 wie
940 3435 983 3498 irs
999 3433 1078 3500 auch
1095 3429 1286 3511 illruement‚

132 3563 165 3606 ac
187 3543 245 3606 istc
266 3542 351 3608 doch
375 3542 451 3606 alles
479 3540 671 3627 vergeblich.
718 3539 950 3624 Aufenglichs‚
982 3540 1102 3604 habent
1132 3539 1162 3605 ir
1191 3541 1286 3604 deren

134 3669 249 3724 armen,
273 3669 393 3712 eruerer
415 3647 677 3732 widerwertigen‚
704 3645 745 3710 da
767 3646 811 3710 sie
835 3645 915 3710 noch
940 3645 991 3708 ein
1013 3645 1144 3729 gerings
1166 3643 1286 3708 henflin

135 3773 247 3828 nmen,
271 3775 333 3838 gar
356 3752 447 3816 keiue
470 3753 555 3836 guad
572 3753 685 3818 wellen
702 3750 816 3826 haben,
843 3748 931 3814 ’und
948 3751 1027 3814 nach
1043 3754 1172 3834 verm'dg
1187 3769 1288 3813 cwrer

138 3855 295 3934 liechten,
330 3856 432 3920 cellen
454 3855 556 3933 Chnr,
587 3851 745 3932 utrumn,
778 3854 844 3920 und
873 3855 1008 3931 andere,
1043 3875 1078 3918 so
1101 3853 1169 3918 sich
1191 3852 1287 3917 wider

138 3983 214 4026 eure
235 3961 329 4028 kirch
352 3961 537 4039 eullihnem
563 3961 623 4024 ires
645 3959 771 4038 stands,
794 3981 922 4036 uenena,
946 3957 1099 4024 Oberkeit
1122 3960 1184 4023 und
1208 3959 1286 4024 alles

139 4065 267 4132 beraubt
290 4069 371 4144 sein,
394 4065 495 4130 cellen
519 4065 599 4130 aller
621 4065 737 4143 ebruc,
763 4066 960 4149 digniteten,
992 4063 1057 4127 und
1080 4063 1224 4147 Ampter‚
1247 4067 1288 4132 zu

139 4173 254 4258 cwigcn
278 4173 392 4249 meilen,
416 4193 475 4256 gar
498 4169 550 4235 nit
570 4169 662 4256 lithig
685 4171 763 4249 sein,
786 4168 832 4234 sie
856 4169 918 4234 und
943 4169 989 4232 ire
1012 4167 1124 4234 kinder
1140 4166 1161 4234 ³.

208 4399 220 4452 l
240 4399 314 4454 fehlt
332 4399 414 4453 eben.
487 4397 504 4452 2
522 4395 594 4452 lchlt
611 4395 642 4450 in
660 4393 734 4450 diser
752 4393 863 4453 suchen.
936 4395 952 4450 3
974 4394 1046 4450 lehlt
1064 4395 1080 4450 3
1098 4393 1141 4448 bia
1159 4396 1185 4450 3.
