3160 4960
847 353 888 418 26

292 521 391 588 Esto
429 523 582 590 amicus
613 525 797 605 cunctis,
831 525 1006 591 intimus
1036 529 1199 610 paucis,
1231 527 1446 594 fidelissi-

699 653 784 696 mus
805 633 1031 711 uniuersis.

498 805 551 870 De
574 805 761 870 erinacio
783 810 822 871 ct
845 804 1060 890 viperula,
1085 827 1154 890 cap.
1182 811 1231 871 19.

377 944 545 1028 Spinosum
571 946 742 1010 erinacium
774 946 918 1030 viperula
950 968 1080 1011 cernens
1113 947 1230 1012 mirata
1257 947 1295 1011 de
1325 947 1446 1012 cortice

264 1049 372 1115 sdixit
394 1051 437 1114 ei:
462 1056 498 1114 tu
520 1052 591 1134 quis
614 1052 669 1114 es?
704 1049 761 1114 (lui
783 1051 858 1116 ille:
889 1051 990 1116 fidelis
1012 1051 1142 1117 amicus.
1189 1050 1230 1116 nt
1253 1051 1324 1116 illa:
1359 1051 1444 1126 Quid

289 1159 338 1218 est
361 1155 504 1220 amicus?
527 1155 619 1220 'l'unc
641 1155 797 1220 erinacius
822 1155 944 1238 iuquit:
970 1155 1089 1220 amiens
1105 1159 1163 1232 est,
1188 1156 1241 1239 qui
1258 1176 1323 1220 una
1337 1160 1442 1218 tecum

288 1264 336 1324 est
348 1260 463 1337 anima,
486 1261 540 1326 sed
555 1281 647 1326 verus
663 1264 721 1336 est,
745 1264 809 1342 qui,
833 1261 860 1324 si
879 1259 985 1324 mollis
1001 1260 1093 1343 spina
1108 1257 1288 1338 adbaeserit,
1306 1260 1443 1344 pnngit3

290 1387 362 1430 narn
386 1365 442 1449 qui
464 1388 534 1429 vere
556 1365 664 1449 diligit
687 1367 720 1430 iu
744 1365 827 1429 ludis
851 1351 1001 1449 corripit,
1037 1369 1069 1429 et
1100 1365 1135 1428 iu
1166 1365 1362 1430 facinoribus
1385 1365 1441 1448 qui

288 1469 461 1546 blanditur,
485 1471 560 1534 odit.
607 1470 657 1534 Ad
682 1470 746 1534 haec
770 1470 878 1553 vipera
900 1469 997 1533 dixit:
1022 1470 1125 1552 placet
1147 1473 1231 1534 certe
1254 1471 1331 1534 satis
1353 1470 1437 1552 quod

250 1601 275 1640 ro
289 1576 429 1641 amicitia
451 1577 493 1639 sit
509 1576 623 1640 intima
640 1576 745 1638 unitas
761 1575 917 1650 cordium,
935 1575 1028 1658 spina
1043 1596 1117 1640 vero
1141 1575 1225 1658 qnod
1249 1576 1292 1639 sit
1308 1577 1435 1652 veritas,

289 1682 394 1746 miuus
419 1683 537 1765 placet3
562 1700 793 1762 veronamque
816 1679 1027 1764 dilectionop
1050 1681 1082 1744 iu
1108 1680 1292 1762 superficie,
1324 1681 1378 1745 sed
1402 1680 1436 1744 in

288 1807 332 1862 re,
357 1786 475 1850 nonin
499 1786 684 1868 asperitate,
710 1785 761 1848 sed
785 1784 820 1848 in
842 1784 1081 1868 tranquillitate
1113 1785 1276 1850 fundatur.
1322 1784 1442 1850 Nonne

288 1891 380 1974 apina
402 1891 440 1956 de
458 1891 562 1954 radice
578 1889 810 1954 maledictionis
824 1891 1000 1974 processit?
1025 1890 1114 1954 Tunc
1132 1890 1287 1954 erinacius
1304 1893 1443 1973 punctus

288 1995 445 2060 invectiva
468 1995 648 2077 subjunxit:
672 1995 745 2074 scio,
771 1995 942 2074 carissime,
969 1995 1034 2060 scio
1057 1995 1141 2078 quod
1163 2016 1252 2059 amor
1276 2000 1309 2059 et
1332 1995 1441 2059 odium

250 2121 275 2160 rs
291 2100 326 2164 iu
349 2100 416 2164 sola
439 2100 619 2165 substantia
642 2101 832 2164 radicentur.
879 2099 970 2164 Unde
993 2100 1026 2164 in
1043 2121 1199 2166 venenosa
1214 2099 1371 2164 letalitate
1385 2103 1443 2164 tua

289 2203 447 2290 generalis
465 2205 634 2269 inimicitia
649 2209 697 2270 est
717 2212 749 2269 et
764 2206 797 2269 in
814 2204 995 2273 medicinali
1013 2228 1081 2269 mea
1096 2207 1215 2270 virtute
1238 2205 1378 2269 amicitia
1393 2208 1443 2269 est

289 2311 473 2376 communis.
528 2313 681 2375 Attamen
716 2311 895 2375 dilectionis
927 2310 1044 2375 veritas
1074 2310 1261 2394 falsitasque
1292 2309 1441 2392 subjectae

289 2416 475 2480 substantiae
498 2420 629 2480 notatur
651 2438 689 2479 ex
712 2416 839 2493 cortice,
863 2437 954 2480 verus
970 2417 1055 2481 enirn
1072 2437 1160 2482 arnor
1176 2416 1215 2480 de
1230 2415 1308 2480 foris
1324 2414 1441 2498 pungit

288 2525 321 2584 et
344 2521 461 2584 mulcet
483 2520 587 2598 intus,
623 2520 701 2586 foris
733 2521 848 2585 arescit
882 2525 914 2586 et
936 2521 1087 2586 dulcescit
1109 2521 1318 2596 intrinsecus,
1349 2521 1442 2582 extra

250 2623 444 2707 repercutit,
478 2625 620 2690 medetur
642 2626 792 2703 interius,
827 2631 874 2689 est
907 2627 991 2690 enim
1023 2627 1113 2709 quasi
1144 2624 1301 2690 medicina
1322 2644 1440 2688 amara.

287 2727 382 2808 Nam,
406 2736 443 2794 ut
465 2733 653 2796 Aristotcles
675 2733 796 2808 scribit,
820 2732 928 2816 diligit
948 2733 1038 2816 qnasi
1048 2733 1157 2796 odiens
1173 2750 1278 2807 senex,
1302 2733 1335 2792 et
1351 2727 1439 2792 fideli

288 2833 390 2899 David
413 2837 547 2900 amatori
570 2843 618 2902 est
641 2838 778 2914 dictum,
811 2839 893 2920 quod
926 2859 959 2902 se
991 2837 1118 2921 quidem
1149 2836 1236 2900 odiat
1264 2833 1439 2916 diligendo

288 2937 395 3004 Fletus
408 2963 481 3006 vero
498 2965 587 3008 arnor
602 2945 762 3009 oculorum
785 2942 869 3008 nitet
891 2943 924 3007 in
942 2942 1072 3019 lumine,
1088 2941 1174 3025 sapit
1185 2941 1220 3004 in
1234 2960 1299 3018 ore,
1323 2937 1441 3002 mulcet

287 3044 320 3108 in
345 3067 436 3123 aure,
461 3047 546 3112 ridet
568 3049 601 3112 in
626 3047 722 3125 facie,
746 3047 851 3131 placet
873 3047 907 3111 in
929 3051 1017 3124 cute,
1041 3047 1128 3112 intus
1151 3051 1259 3111 tamen
1282 3063 1440 3108 venenum

249 3163 274 3202 2⁵
288 3151 503 3224 sardonicum,
540 3154 622 3237 quod
646 3153 815 3230 nimirum,
852 3175 929 3237 quos
952 3152 1099 3236 perimit,
1129 3151 1196 3216 risu
1224 3149 1302 3214 facit
1324 3147 1440 3232 perire.

286 3256 355 3320 Aut
377 3256 460 3322 forte
482 3258 520 3322 de
542 3259 627 3341 picto
649 3260 766 3324 cortice
789 3258 992 3345 gloriaturl¹
1015 3257 1140 3343 Nempe
1162 3255 1303 3324 basilisci
1325 3253 1440 3318 rutilat

286 3361 394 3426 oculus
417 3367 449 3426 et
471 3364 604 3442 occidit,
628 3365 750 3448 scorpio
774 3365 863 3449 prius
886 3363 984 3449 lingit
1007 3386 1103 3447 quam
1127 3364 1285 3446 percutit,
1308 3363 1341 3424 et
1363 3359 1440 3424 dum

286 3489 339 3531 ore
361 3467 478 3533 blando
501 3469 624 3534 emollit
646 3474 769 3546 cutem,
803 3469 909 3534 caudae
944 3491 1138 3534 venenosum
1172 3467 1314 3533 aculeum
1339 3464 1442 3550 magis

285 3572 367 3657 tigit.
405 3573 525 3657 Syrena
541 3577 649 3638 cantat
664 3575 813 3652 suaviter,
837 3579 874 3638 ut
887 3573 1103 3658 stupefactum
1120 3576 1252 3638 nautam
1269 3570 1441 3656 naufragio

247 3689 272 3728 ³⁰
287 3677 423 3754 devoret,
448 3682 480 3742 et
503 3678 557 3742 ubi
580 3679 682 3742 amnis
706 3678 899 3761 periculosus
922 3683 970 3743 est
986 3679 1151 3756 transitur,
1177 3677 1221 3741 ibi
1239 3697 1329 3760 aquae
1343 3675 1442 3740 facies

287 3783 358 3865 plus
382 3783 509 3849 arridet.
555 3783 654 3867 Spina
676 3805 753 3868 ergo
776 3783 913 3848 erinacia
937 3805 1028 3848 verus
1054 3788 1087 3848 et
1104 3789 1249 3849 sensatus
1265 3781 1385 3846 amicus
1408 3786 1442 3845 et

286 3887 373 3971 picta
401 3888 509 3971 vipera
535 3887 772 3954 fraudulentus.
826 3887 946 3964 Quibus
977 3895 1010 3954 et
1038 3889 1155 3954 addens
1188 3887 1312 3971 inquit:
1345 3885 1440 3969 spina

288 3993 406 4078 qnippe
429 4015 499 4056 mea
521 3994 559 4057 de
581 3992 686 4058 radice
709 3992 940 4058 maledictionis
956 4015 1020 4059 uon
1037 3995 1185 4080 pullulat,
1208 3993 1261 4058 sed
1278 3992 1439 4056 internam

286 4098 497 4164 substantiam
522 4098 674 4162 cariorem
696 4120 763 4163 esse
786 4099 993 4178 demonstrat,
1018 4100 1118 4184 spinis
1141 4100 1226 4164 enim
1250 4102 1365 4162 natura
1387 4117 1440 4160 ar-

248 4217 273 4255 ³⁶
287 4209 354 4268 urat
376 4225 463 4270 rosas
486 4209 518 4268 et
540 4205 599 4268 aub
621 4204 750 4289 spinoso
773 4205 890 4270 cortice
911 4206 1052 4271 fructum
1075 4205 1183 4271 condit
1205 4207 1351 4269 castanea
1372 4223 1440 4265 me-

850 4326 868 4365 a

360 4427 371 4482 l
390 4425 502 4484 Andera
521 4428 628 4484 besses:
646 4427 786 4498 gloriaris.
