3146 4962
685 331 749 394 237

203 503 257 570 De
280 503 526 590 elephante,
550 503 620 586 qui
642 523 776 588 genua
799 523 882 567 non
903 501 1066 580 flectit,
1090 501 1163 566 dial.
1187 504 1239 566 89.

230 645 385 729 Elephan,
415 648 452 708 ut
474 643 566 708 Brito
588 642 683 720 dicit,
707 641 824 708 dicitur
845 641 885 706 ab
909 641 1033 726 elaphio
1058 663 1177 727 graece,
1211 642 1294 726 quod

143 773 235 817 mons
265 751 366 815 latine
397 749 534 828 dicitur,
572 752 703 832 propter
740 748 995 834 magnitudinem
1025 747 1173 832 corporis.
1225 748 1296 813 Hoc

144 879 246 944 genus
269 856 443 922 animantis
466 856 501 919 in
525 855 619 920 rebus
644 854 765 920 bellicis
792 859 902 938 aptum
925 857 981 918 est.
1027 852 1067 917 In
1094 852 1144 918 his
1173 853 1296 918 anima-

119 963 228 1028 ⁵libus
251 961 356 1026 Persae
384 964 417 1026 et
438 961 525 1026 Medi
554 960 671 1046 ligneis
700 961 843 1025 turribus
875 959 1036 1024 collocatis
1064 962 1227 1042 tamquam
1258 958 1296 1022 de

145 1091 234 1134 muro
253 1068 367 1152 jaculis
390 1067 551 1132 dinricant.
597 1065 766 1132 Intellecta
800 1071 832 1131 et
856 1065 1007 1130 memoria
1029 1061 1143 1128 nulla¹
1174 1064 1296 1150 vigent,

146 1174 305 1261 gregatim
329 1173 490 1252 incedunt,
514 1176 603 1237 motu
620 1193 682 1255 quo
697 1171 807 1235 valent
820 1169 843 1249 ²,
867 1191 987 1235 murem
1003 1167 1142 1254 fugiunt,
1165 1168 1295 1234 biennio

145 1284 276 1365 portant
311 1279 406 1344 foetus
436 1301 494 1344 nec
525 1277 661 1362 amplius
694 1299 789 1362 quam
819 1276 916 1341 semel
948 1275 1088 1361 gignunt
1110 1295 1168 1339 nea
1189 1274 1296 1358 plures

146 1385 200 1451 sed
219 1388 345 1450 tantmn
360 1407 459 1449 unum
474 1383 623 1468 gignunt,
646 1382 760 1446 vivunt
783 1381 986 1446 adtricentos
1001 1402 1119 1460 sance,
1152 1384 1188 1444 ut
1219 1380 1298 1446 dicit

107 1508 133 1546 1⁰
146 1492 222 1558 Isid.
246 1491 406 1576 Ethymol.
430 1489 520 1555 XII⁰.
566 1489 685 1554 Narrat
707 1489 876 1574 scripture,
899 1508 969 1570 quae
991 1486 1134 1551 continet
1155 1489 1297 1551 veterum

146 1597 316 1674 historias,
347 1597 431 1680 quod
463 1595 590 1680 elephas
618 1595 677 1660 hoc
699 1595 792 1658 modo
815 1593 949 1678 eapitur.
994 1592 1073 1656 Duae
1095 1593 1209 1675 puellae
1231 1593 1296 1656 rir-

147 1703 237 1788 gines
260 1702 409 1767 uberibus
442 1707 475 1766 et
502 1701 659 1786 superiori
690 1705 781 1785 parte
814 1693 955 1784 corporis
989 1697 1116 1763 nudatae
1148 1703 1296 1784 pergunt,

147 1809 203 1873 ubi
225 1809 374 1874 habitant
404 1807 607 1891 elephantes,
639 1828 703 1870 una
735 1827 842 1870 earum
872 1827 1004 1882 urnam,
1033 1805 1134 1869 altera
1155 1804 1297 1890 gladium

147 1914 270 1990 ferens,
300 1912 415 1996 quibus
444 1911 509 1976 alta
540 1931 613 1975 voce
648 1910 851 1975 cantantibus
874 1909 963 1974 audit
985 1907 1127 1991 elephas,
1162 1911 1298 1974 accrrrrit

109 2031 136 2070 ¹⁶
150 2039 257 2104 prope,
283 2017 338 2101 qui
354 2037 427 2080 mox
448 2015 587 2080 naturali
611 2015 765 2080 instinctu
788 2015 938 2100 virgineae
960 2015 1064 2079 carnis
1080 2015 1296 2080 innocentiam

151 2145 376 2209 recognoscens
398 2122 431 2186 in
455 2121 495 2185 iis
518 2121 737 2186 castimoniam
760 2124 938 2196 veneratur,
962 2119 1166 2205 lambensque
1189 2143 1297 2186 earum

151 2233 259 2311 pectus
285 2230 319 2293 et
340 2227 437 2292 ubera
468 2232 501 2290 et
523 2225 695 2291 delectatus
726 2225 856 2291 mirifice
886 2224 1054 2290 resolvitur
1085 2225 1120 2288 in
1152 2247 1299 2311 soporem

154 2353 210 2396 nee
239 2355 326 2397 more
358 2331 535 2417 puellarum
565 2331 671 2415 puella
701 2353 772 2398 cum
805 2330 912 2416 gladio
944 2334 1087 2394 tenerum
1118 2331 1296 2415 perfodiens

152 2440 296 2502 ventrem
324 2437 502 2522 elephantis
531 2438 718 2522 sanguinem
752 2436 873 2520 ruentis
909 2435 1017 2501 fundit
1053 2436 1232 2522 excipitque
1265 2439 1298 2502 in

112 2558 139 2596 2⁰
152 2561 233 2606 urna
254 2541 361 2626 puelle
383 2542 484 2607 altera
506 2543 709 2628 sanguinem,
741 2565 803 2626 quo
833 2541 950 2627 regalis
980 2563 1121 2626 purpura
1152 2543 1298 2628 tingitur.

153 2645 215 2712 Hic
235 2669 304 2712 cum
328 2647 371 2712 sit
392 2646 571 2712 interseras
587 2647 858 2711 nominatissimus
881 2649 913 2711 et
934 2646 1084 2725 famosus,
1107 2650 1214 2712 tamen
1234 2671 1298 2713 non

152 2753 333 2835 geniculare
363 2757 484 2837 potest,
522 2753 597 2836 quia
627 2773 731 2837 genua
762 2773 826 2817 non
859 2752 964 2818 habet.
1021 2753 1162 2831 Quadam
1194 2759 1299 2819 autem

154 2857 221 2922 vice
243 2858 292 2922 leo
314 2859 383 2922 iens
406 2881 462 2943 per
485 2858 600 2922 silvam
624 2857 735 2923 inter⁸
765 2858 849 2924 feras
881 2859 1039 2924 transibat
1068 2864 1101 2925 et
1132 2882 1240 2926 omnes
1271 2860 1300 2924 ei

153 2984 258 3049 genua
278 2965 447 3030 flectebant
470 2965 556 3029 velut
579 2966 648 3051 regi
669 2963 823 3044 ferarum,
852 2965 978 3049 elephas
1006 2985 1069 3029 non
1094 2987 1178 3051 genu
1201 2967 1298 3045 flexit,

113 3092 140 3131 aa
155 3069 230 3152 quia
258 3090 323 3134 non
353 3071 467 3154 potuit.
513 3071 605 3136 Unde
636 3069 712 3136 ferre
744 3071 886 3155 quaedarn
916 3071 1077 3136 invidiosae
1110 3072 1149 3136 ad
1179 3072 1301 3137 leonem

154 3182 369 3240 convenerunt
391 3179 424 3241 et
445 3176 646 3262 elephantem
678 3176 932 3256 infamaverunt,
965 3176 1014 3241 leo
1041 3180 1147 3241 autem
1169 3177 1209 3240 ad
1238 3176 1301 3241 ele-

154 3279 306 3364 phantem
328 3281 458 3347 accessit
480 3282 606 3347 dicens:
642 3303 739 3366 quare
769 3304 801 3347 es
835 3287 871 3348 tu
899 3282 946 3346 ita
976 3281 1073 3347 durus
1101 3285 1133 3346 et
1160 3281 1300 3361 acerbae,

155 3388 239 3470 quod
261 3409 366 3474 genna
387 3393 462 3454 ante
485 3411 621 3454 menon
644 3390 755 3468 flectis,
778 3393 816 3454 ut
838 3391 981 3455 caeterae?
1004 3387 1063 3453 cui
1078 3384 1222 3470 elephas:
1246 3386 1301 3450 do·

155 3492 250 3570 mine,
273 3514 331 3576 pro
353 3515 444 3578 posse
467 3515 536 3559 meo
558 3499 591 3559 te
614 3493 714 3579 diligo
738 3498 770 3560 et
791 3497 823 3559 te
846 3493 985 3573 honoro,
1015 3492 1068 3558 sed
1099 3491 1224 3557 flectere
1253 3513 1303 3558 me
1342 3511 1346 3521 ·

116 3621 142 3660 eo
157 3617 220 3660 non
242 3620 388 3681 possum,
421 3605 551 3685 propter
574 3601 657 3684 quod
679 3621 784 3686 genua
806 3621 870 3665 non
894 3599 1002 3665 habeo.
1049 3595 1091 3664 Et
1113 3597 1179 3664 leo:
1208 3598 1236 3663 si
1268 3604 1304 3663 tu

156 3702 249 3768 eorde
272 3723 336 3766 non
359 3703 488 3787 refutas,
512 3706 701 3770 excellenter
723 3729 773 3770 me
796 3705 935 3784 salutas,
959 3703 1036 3770 satis
1059 3704 1223 3768 dominum
1245 3703 1303 3769 ho·

157 3814 251 3875 norat
273 3830 365 3894 posse
385 3831 460 3904 suo,
493 3811 548 3894 qui
575 3810 708 3876 laborat.
753 3811 846 3878 Unde
868 3814 1061 3876 coamatores
1083 3809 1305 3875 condemnavit

157 3918 190 3979 et
211 3913 411 3998 elephantem
435 3915 620 3981 sublimavit
641 3918 765 3982 dicens:
799 3917 905 3983 nullus
925 3916 1085 4000 judicatus
1111 3916 1183 3994 erit,
1214 3921 1304 3982 ante·

158 4041 254 4102 quam
276 4021 437 4105 probatus.
483 4019 535 4087 Sic
557 4023 642 4087 enim
665 4023 827 4088 attendere
858 4023 974 4087 debent
997 4021 1118 4105 jndices
1141 4043 1199 4086 nec
1216 4021 1304 4105 judi·
1351 4061 1353 4066 -

118 4145 144 4184 er
157 4145 228 4190 care
250 4125 366 4192 debent
389 4127 558 4193 secundum
581 4127 824 4206 diffamationes,
851 4129 905 4192 aed
927 4126 1098 4192 secundum
1121 4125 1166 4191 rei
1189 4126 1304 4191 verite-

722 4247 742 4290 a

158 4421 178 4478 d
231 4335 386 4392 lFrfihere
404 4353 483 4408 ausg.
502 4334 656 4408 unrichtig:
679 4337 801 4394 nullum.
862 4335 1022 4392 2Andere:
1040 4335 1165 4392 valeant
1214 4336 1306 4392 aun-

178 4441 236 4482 ere:
256 4427 294 4482 et.
