3058 4946
676 291 736 356 103
857 312 859 316 ’

121 465 257 530 Faciunt
279 463 313 530 hi
328 467 471 528 vestmm
486 463 637 542 officium,
661 463 736 547 quia
751 485 806 530 vos
821 464 990 551 negligitis
1006 469 1038 530 et
1051 467 1276 546 contemnitis;

121 592 173 634 roe
196 569 328 634 illorum
352 568 516 635 dilaniatis
539 568 723 634 alimoniam
746 574 778 633 et
800 570 937 648 viscere,
970 575 1037 636 tam
1060 572 1169 656 inique
1191 596 1276 640 com·

121 675 270 740 mutastis
303 674 455 749 invicem3
490 673 607 740 scholis
640 678 746 740 eutem
779 679 813 740 et
847 675 1003 742 ministris
1035 679 1277 764 doctoribusque

120 781 216 857 verbi,
239 780 388 846 civitates
402 784 435 846 et
451 779 631 864 respublica
652 801 758 846 carere
780 802 844 846 non
866 787 1007 864 possunt,
1031 788 1063 848 et
1077 806 1202 869 aequum
1218 788 1275 864 est,

121 893 155 950 ut
179 885 362 951 habeantur
384 907 449 950 non
473 885 682 950 illiberaliter.
719 885 955 970 Prospexerunt
970 888 1096 971 quidem
1118 889 1183 954 illis
1206 912 1274 956 ma·

117 991 198 1076 jorse
222 993 339 1068 nostri,
362 1012 453 1076 reges
476 991 574 1056 etiam
597 999 629 1056 et
643 991 790 1069 cesara,
815 991 905 1056 valde
926 992 1068 1076 copiose;
1091 1014 1145 1060 vos
1168 999 1274 1060 autem

119 1096 173 1161 illa
197 1097 260 1162 soli
294 1097 470 1174 devoratis,
505 1101 538 1162 et
560 1096 594 1162 hi
616 1096 699 1161 fame
721 1096 958 1162 contabescunt.
1004 1097 1066 1162 Cur
1096 1097 1177 1165 haue
1208 1106 1274 1182 tam
1403 1177 1406 1186 ‚

119 1221 180 1266 non
211 1201 380 1284 iniquam,
414 1201 476 1288 sed,
498 1199 706 1266 humanitatis
729 1204 762 1266 et
783 1199 882 1266 officii
904 1201 1034 1284 plenam
1057 1203 1273 1268 condicionem

118 1327 178 1370 non
195 1305 401 1370 admittitis?
425 1305 573 1388 Plerique
588 1327 697 1370 omnes
713 1305 758 1370 ita
774 1305 1037 1390 interpretantur,
1053 1310 1194 1372 metuere
1208 1329 1274 1387 vos,

120 1410 250 1495 quodsi
283 1410 493 1495 permittetur
520 1411 676 1497 evangelii
707 1411 869 1490 doctrina,
902 1410 1069 1490 futurum,
1105 1414 1142 1476 ut
1170 1416 1275 1478 vestra

120 1537 246 1600 prorsus
270 1516 486 1582 imminuatur
518 1517 690 1582 auctoritas
719 1521 752 1582 et
781 1517 930 1594 vilescat,
967 1520 1019 1597 ut,
1055 1516 1180 1582 etiamsi
1210 1539 1273 1582 non

120 1621 304 1686 auferantur
327 1621 418 1685 vobis
441 1621 540 1686 annui
564 1621 610 1705 [Η
619 1622 655 1706 ij]
678 1626 872 1707 proventus,
908 1623 987 1688 illud
1017 1626 1125 1687 tamen
1155 1621 1200 1687 sic
1221 1645 1273 1690 ac-

118 1727 237 1812 cipiant
261 1726 421 1803 homines,
444 1727 535 1810 qnasi
557 1728 698 1810 precario
721 1731 754 1793 et
775 1727 932 1813 singulari
955 1727 1162 1792 beneficentia
1182 1728 1272 1812 prin·

119 1833 221 1916 cipum
244 1853 282 1897 ac
306 1831 557 1917 magistratuum
580 1831 652 1910 fiat,
688 1837 721 1896 et
738 1833 810 1915 jure
833 1854 924 1916 posse
947 1832 1035 1897 vobis
1057 1831 1114 1896 illa
1137 1831 1273 1916 singulis
1304 1871 1308 1879 ·

119 1938 315 2020 temporibus
338 1935 476 2014 auferri,
509 1937 563 2020 qui
586 1957 671 2002 nune
694 1937 870 2002 dominium
893 1937 926 2002 in
950 1937 1008 2004 illa
1031 1937 1119 2003 vobis
1142 1940 1175 2003 et
1197 1957 1272 2020 pro-

120 2043 286 2126 prietatem
310 2041 496 2107 vendicatis.

202 2146 281 2211 Haee
303 2147 332 2210 si
358 2151 462 2212 vestra
484 2168 572 2211 mens
594 2151 642 2212 est
665 2146 1021 2232 consiliumque,'facile
1044 2145 1185 2231 intelligi
1199 2151 1272 2230 pot·

119 2255 173 2330 est,
197 2253 322 2318 nullam
347 2273 403 2316 roe
425 2274 564 2337 unquam
588 2253 780 2317 admissuros
799 2274 865 2318 esse
881 2259 999 2319 rectam
1014 2251 1271 2332 moderationem,

687 2373 706 2413 rr

122 2459 221 2525 niehts
245 2461 346 2526 dsrzd
369 2461 480 2548 stunt)
500 2464 605 2544 eampt
620 2460 679 2526 den
694 2483 814 2540 armen,
843 2459 923 2528 ¹auss
939 2482 1116 2548 gemeynen
1131 2459 1270 2524 Kirchen
1391 2511 1393 2514 .
1422 2441 1425 2449 ’

122 2569 240 2650 gdbsrn,
265 2590 303 2632 so
318 2567 382 2632 viel
396 2566 527 2632 lieasent
540 2566 649 2652 folgen
668 2567 688 2645 ¹,
712 2567 769 2632 das
790 2568 836 2632 eie
859 2568 910 2632 ein
934 2565 1075 2634 ehrliche
1098 2565 1269 2630 underhel·

122 2675 208 2754 tung,
230 2671 297 2736 und
323 2671 404 2736 leibs
428 2693 555 2757 narung
577 2673 714 2738 h'atten?
756 2672 829 2737 Wie
852 2673 990 2738 duncket
1012 2670 1091 2738 euch
1115 2671 1271 2736 darumbt

122 2773 162 2839 Fe
183 2775 224 2840 ist
244 2799 284 2862 ye
310 2781 420 2864 gendg
443 2783 647 2864 angepotten,
673 2780 700 2843 ir
722 2778 835 2844 sehent
858 2779 920 2844 wol
942 2778 1001 2844 wie
1024 2798 1056 2841 es
1072 2775 1124 2841 ein
1140 2775 1202 2842 neit
1217 2775 1269 2842 ist.

123 2878 188 2944 Wie
209 2881 343 2966 hempta
365 2905 448 2962 nun,
480 2885 535 2948 das
563 2884 592 2948 ir
614 2883 695 2949 auch
717 2884 807 2950 hiemi
831 2883 881 2948 nit
904 2882 1099 2968 verwilligt‘l
1143 2880 1270 2948 Etliche

124 2985 162 3050 sil
183 2991 347 3072 meynent,
371 2988 399 3052 ir
421 2987 520 3053 thitns
543 2986 765 3076 dar[66]umb,
797 2990 852 3054 das
875 2990 904 3053 ir
927 2989 988 3054 wol
1010 2987 1190 3064 merchant,
1222 3007 1270 3051 wo

122 3089 168 3154 die
188 3091 301 3157 rechte
323 3091 371 3156 ler
391 3093 610 3158 allentbalben
633 3095 802 3180 gepredigt
816 3095 915 3172 wilrd,
939 3115 1038 3160 ewere
1053 3091 1169 3158 sachen
1185 3097 1269 3155 nce·
1305 3095 1309 3102 '

122 3193 177 3258 den
198 3218 237 3280 ye
258 3196 374 3282 lenger
396 3219 436 3282 ye
458 3197 548 3262 mehr
570 3199 746 3276 abnemen,
780 3198 839 3262 wie
870 3199 955 3262 dann
986 3196 1084 3262 sehon
1107 3195 1164 3261 auf
1184 3193 1269 3258 rilen

121 3305 205 3366 orten
228 3301 417 3380 beschehen,
440 3304 504 3368 und
528 3303 572 3366 im
595 3303 661 3380 fall,
686 3303 740 3368 das
763 3325 837 3368 man
861 3303 939 3368 euch
963 3308 1145 3389 vergbnnen
1169 3299 1269 3376 wilrd,

122 3426 213 3471 erere
235 3407 385 3474 Rentheu
408 3408 476 3472 und
497 3407 666 3472 einlromen
689 3411 727 3472 aii
750 3407 970 3492 gebrauchen,
1004 3429 1039 3472 so
1062 3405 1167 3472 wurds
1189 3403 1267 3470 doch

122 3508 167 3575 bei
188 3514 359 3596 yederman
382 3514 434 3578 ein
458 3514 612 3578 aneehens
635 3510 749 3590 haben,
772 3514 819 3577 als
842 3512 897 3576 dae
912 3533 1003 3578 mans
1018 3510 1097 3576 euch
1112 3510 1173 3575 aull
1188 3530 1269 3594 gna·

123 3615 272 3692 demand
298 3619 358 3682 wie
372 3617 432 3682 die
454 3617 597 3684 Juristen
620 3637 728 3702 segen,
752 3617 918 3696 Precatio,
954 3617 1074 3694 zuliess,
1106 3614 1171 3679 und
1194 3633 1268 3676 man

125 3723 238 3788 mbchte
260 3724 342 3790 euch
366 3746 490 3801 nemen,
512 3745 561 3789 wo
584 3745 658 3788 man
676 3723 762 3800 uolt,
786 3723 826 3788 da
842 3723 870 3786 ir
884 3721 961 3787 euch
979 3720 1116 3808 yetaund
1132 3717 1268 3805 grundt-

125 3823 229 3892 barren
253 3829 318 3894 und
342 3827 450 3894 rechte
473 3829 607 3894 besitaer
630 3823 789 3894 rhrtment.

125 3927 182 3996 Wo
202 3934 230 3998 ir
251 3935 318 4000 diae
340 3933 478 4000 fantasei
500 3934 566 4000 und
589 3955 719 4020 argwon
743 3933 857 3998 darinn
880 3932 1000 3998 habent
1024 3930 1140 4017 (lieben
1156 3927 1268 4014 herrn)

126 4034 163 4100 ist
184 4039 240 4102 wol
262 4043 300 4104 ad
323 4059 494 4116 ermessen,
518 4039 546 4102 ir
570 4038 709 4104 werdent
731 4037 809 4104 euch
833 4039 967 4104 nimmer
990 4041 1027 4103 ali
1050 4035 1181 4122 eyniger
1204 4031 1267 4098 Ra-

128 4280 297 4432 guisinssmt
321 4285 334 4340 1
363 4281 409 4336 bis
430 4283 459 4336 l:
486 4299 516 4338 so
541 4281 597 4338 viel
621 4281 736 4338 lieasent
760 4281 863 4353 rolgsn
889 4277 946 4335 auss
973 4293 1129 4350 gemeynen
1151 4275 1267 4332 kirchen
