3172 4958
194 1136 488 1234 INCIPIUN
490 1140 529 1232 T
562 1137 889 1235 CAPITULA
928 1143 1143 1236 TERTH
1167 1143 1344 1237 LIBRI

192 1279 279 1374 Du
306 1277 414 1375 HIS
441 1277 595 1390 QUAE
622 1276 1079 1516 SlrerfflONTRA
1110 1283 1343 1376 AVARI-

333 1658 489 1726 Oontra
510 1660 737 1751 cupientes
760 1662 990 1728 mundanas
1012 1627 1200 1728 divitias.

167 1853 180 1892 ι
482 1833 540 1900 De
562 1856 686 1900 corvo
708 1840 748 1900 et
771 1837 909 1920 vulpe,
933 1857 999 1922 cap.
1026 1841 1053 1900 1.

283 1970 402 2038 Coruus
432 1971 528 2038 ditari
561 1973 741 2039 desiderans
767 1973 863 2058 vulpe
893 1979 1019 2058 repertu
1050 1997 1124 2042 mox
1153 1975 1203 2040 sui
1241 1975 1343 2041 cordis

194 2076 329 2142 volitum
353 2075 505 2142 indicavit
519 2076 676 2160 dixitque:
701 2099 824 2162 nempe,
850 2099 948 2158 soror,
971 2079 1104 2144 minime
1119 2079 1235 2160 celabo,
1259 2081 1343 2164 quod

195 2182 296 2267 cupio,
321 2181 384 2245 imo
406 2184 496 2246 atua
516 2181 675 2248 industria
688 2203 828 2267 quaeram
845 2187 956 2262 artem,
978 2206 1042 2268 qua
1056 2186 1204 2269 consequi
1221 2185 1343 2251 valeam

193 2287 255 2352 hoc
277 2286 361 2371 quod
383 2286 464 2352 volo.
510 2281 672 2352 Nimirum
695 2293 787 2353 tanto
807 2291 950 2370 tempore
973 2287 1020 2352 nil
1034 2292 1149 2373 prester
1172 2289 1342 2373 metipsum

156 2409 183 2448 1⁰
195 2392 337 2477 possedi,
362 2391 564 2478 congregatis
588 2414 674 2459 nuuc
695 2392 809 2458 vellem
833 2392 953 2457 divitiis
975 2395 1065 2458 extra
1087 2413 1137 2456 me
1159 2393 1341 2478 aliqualiter

195 2496 333 2563 dilaturi.
379 2494 429 2560 Ob
451 2495 529 2575 hoc,
553 2497 732 2576 carissima,
755 2497 882 2562 modum
905 2496 999 2575 doce,
1031 2496 1060 2560 si
1081 2496 1175 2561 nosti.
1221 2497 1266 2562 At
1286 2498 1344 2563 illa

194 2600 374 2685 respondit:
398 2621 450 2665 ars
473 2605 567 2680 certe,
590 2602 708 2682 frater,
733 2603 801 2674 hee
822 2603 857 2668 in
879 2605 1031 2687 promptu
1053 2603 1120 2680 est,
1147 2601 1201 2666 sed
1225 2603 1344 2668 laboris

195 2709 244 2770 est
264 2727 361 2790 opus,
394 2727 507 2791 parum
530 2723 669 2791 namque
690 2711 739 2772 est
769 2729 897 2772 auream
927 2729 1040 2773 venam
1072 2725 1257 2792 agnoscere,
1286 2706 1344 2772 ubi

194 2831 259 2876 non
271 2810 456 2875 successerit
470 2809 624 2877 laborare.
670 2810 729 2877 cui
744 2811 815 2877 ille:
838 2811 898 2890 dic,
921 2813 1032 2890 amice,
1058 2812 1145 2896 quia,
1162 2811 1190 2878 si
1206 2810 1343 2876 facultas

153 2934 180 2973 u
194 2913 306 2993 aderit,
329 2914 453 2980 faciem.
498 2915 590 2982 Tunc
617 2915 771 3002 magistra
800 2916 982 3002 subjunxit:
1013 2915 1058 2981 mi
1087 2915 1206 2995 irater,
1238 2919 1343 2981 totum

193 3019 334 3084 officium
357 3020 528 3105 opulentius
550 3021 722 3087 mundialis
745 3025 871 3087 tantum
894 3020 928 3086 in
956 3021 1060 3086 tribus
1089 3020 1223 3085 assiduis
1255 3019 1343 3084 vitiis

194 3127 227 3188 et
249 3123 284 3188 in
307 3145 371 3188 uno
393 3124 546 3190 continuo
568 3127 728 3190 tormento
750 3125 917 3202 consistit,
940 3123 1089 3189 videlicet
1109 3124 1144 3188 in
1167 3123 1344 3190 insatiabili

194 3228 378 3314 cupiditate,
401 3228 434 3293 in
458 3227 603 3312 inquieta
624 3228 814 3312 rapacitate,
838 3229 873 3292 in
896 3226 1115 3294 illiberalitate
1138 3228 1289 3293 continua
1312 3231 1344 3291 et

193 3331 367 3398 timiditate
386 3335 550 3417 perpetua.
595 3331 673 3397 Haee
696 3332 822 3416 quidem
854 3335 930 3396 sunt
954 3331 1170 3396 instrumenta
1193 3330 1271 3396 artis
1294 3330 1344 3394 di-

155 3455 181 3495 m
195 3436 358 3502 tutiorioe²
380 3436 487 3502 debite
508 3441 661 3521 quatuor,
696 3435 816 3501 scilicet
836 3457 959 3519 semper
982 3457 1103 3520 cupere.
1149 3433 1228 3499 (lum
1257 3433 1344 3499 enim

195 3541 350 3626 cupiditas
372 3535 483 3620 deerit,
506 3541 674 3607 mundans
696 3539 816 3606 divitia
837 3541 1049 3618 minorantur,
1073 3539 1128 3605 sed
1148 3539 1203 3604 ubi
1218 3560 1342 3625 semper

195 3645 262 3724 hsce
283 3647 401 3726 ederit,
430 3648 687 3732 augmentantur.
733 3645 894 3710 Minoreto
922 3643 1078 3728 siquidem
1100 3644 1246 3728 appetitu
1268 3663 1340 3711 caro

193 3751 359 3818 marcescit
380 3753 412 3816 et
427 3772 464 3815 eo
486 3749 594 3816 addito
615 3771 689 3814 mox
711 3749 862 3815 resarcita
871 3749 1060 3835 pinguescit,
1085 3770 1159 3814 nam
1182 3751 1216 3814 et
1229 3749 1270 3814 ob
1283 3749 1344 3814 hoc

193 3855 350 3921 excessivo
371 3858 504 3920 ornatur
535 3853 745 3920 crassitudine
775 3875 906 3938 porcus,
940 3852 1016 3937 quie
1049 3852 1343 3939 inexstinguibilem

154 3979 180 4018 as
193 3960 316 4044 patitur
328 3958 515 4042 appetitum.
542 3956 688 4022 Alterum
699 3979 774 4023 vero
783 3961 833 4022 est
847 3979 969 4041 semper
984 3957 1201 4041 undecumque
1216 3961 1249 4022 et
1264 3978 1342 4040 quo-

93 4077 101 4091 ·
193 4063 551 4147 modocumquerapere.
592 4060 726 4146 Propter
736 4061 795 4128 hbe
803 4062 889 4127 enim
901 4062 934 4126 in
947 4061 1057 4127 aestivo
1069 4066 1219 4144 tempore,
1231 4081 1343 4146 quam·

193 4191 289 4254 quum
305 4167 438 4253 plurimi
452 4167 622 4233 fluviorum
637 4167 794 4248 deficient,
818 4167 912 4232 Nilus
929 4171 1039 4233 auctus
1055 4167 1134 4231 fines
1149 4187 1222 4231 suos
1235 4170 1341 4232 trans-

759 4287 778 4328 s

265 4395 278 4450 l
299 4391 410 4451 tudere
429 4393 542 4465 spttere
560 4391 720 4463 ausgaben:
739 4389 901 4456 ditescendi,
920 4388 1035 4446 scilicet.
