3172 4962
699 325 760 386 193

148 493 279 560 siliariis
308 493 492 578 decipiatur.
541 493 678 580 Propter
703 495 787 579 quod
814 495 999 580 precipitur
1028 496 1120 563 Prov.
1154 493 1297 562 XXVII:

148 621 168 664 a
189 599 370 666 consiliario
392 599 477 664 mslo
499 619 590 664 serva
611 599 751 664 enimam
774 603 872 664 tuam.
918 599 1021 666 Debet
1043 602 1129 666 enim
1149 601 1296 685 princeps

148 704 264 771 babere
279 703 528 791 intelligentiam
542 703 756 788 periculorum
772 705 1046 772 circumstantium
1070 710 1102 771 et
1117 705 1298 790 specialiter

149 831 187 874 ex
215 809 425 876 seductione1
453 809 597 894 ipsorum
625 809 835 876 adulantium.
889 810 971 876 Sunt
1004 811 1089 876 enim
1120 811 1299 876 adulatores

120 914 277 999 sSyrence
306 913 431 980 blandis
463 914 591 1004 vocibus
624 915 807 980 seducentes
830 914 919 981 Ysei.
950 914 1037 980 XIII'
1061 919 1093 980 et
1115 915 1234 1001 Syrene
1263 917 1298 980 in

148 1018 288 1085 delubris
309 1017 507 1104 voluptatis;
530 1041 548 1084 a
571 1020 686 1104 quibus
709 1023 742 1084 εὴ
764 1041 885 1086 summe
908 1024 1036 1107 oportet
1059 1043 1167 1087 cavere
1189 1043 1226 1086 ac
1245 1042 1299 1085 eo·

149 1145 220 1190 rum
241 1122 385 1188 fallacias
406 1123 595 1210 intelligere.
642 1123 734 1190 Unde
757 1124 952 1212 Speusippus
974 1126 1185 1211 philosophus
1201 1147 1299 1210 nepos

149 1227 293 1294 Platonis
316 1229 460 1294 adulanti
482 1228 602 1316 legitur
631 1230 763 1297 dixisse:
788 1231 949 1310 adulator,
973 1231 1097 1311 desine,
1120 1231 1203 1296 nihil
1226 1252 1299 1315 pro-

149 1333 227 1413 ficis,
246 1355 317 1399 cum
341 1337 374 1398 te
397 1333 585 1420 intelligam.

109 1487 146 1571 io·
179 1507 232 1574 De
255 1509 414 1593 aquila,
437 1531 523 1594 quae
545 1510 706 1576 citavit
726 1531 871 1575 omnes
893 1509 1102 1592 volucres,
1127 1512 1201 1577 dial.
1226 1514 1277 1579 50.

237 1649 356 1734 Aquila
378 1650 490 1716 citavit
513 1650 688 1735 capitulum
711 1650 826 1715 alitum
857 1654 890 1716 et
919 1650 994 1715 dum
1016 1651 1113 1716 simul
1134 1656 1300 1718 manerent

150 1760 184 1820 et
220 1759 325 1820 errata
362 1757 553 1841 corrigeret,
592 1775 662 1820 ecce
692 1758 857 1821 venatores
887 1759 1105 1841 apparuerunt
1133 1757 1300 1823 tendentes

150 1859 287 1926 reticet
309 1859 454 1944 laqueos,
484 1865 521 1924 ut
544 1861 582 1925 de
604 1860 714 1926 avibus
737 1864 895 1945 caperent.
941 1859 1020 1928 Haec
1041 1861 1171 1926 intuens
1194 1862 1302 1946 aquila

151 1969 184 2030 et
212 1964 388 2050 periculum
416 1985 591 2050 agnoscens
622 1987 678 2049 per
708 1985 866 2049 praecones
897 1987 969 2031 suos
999 1965 1189 2032 conclamari
1213 1966 1299 2046 fecit,

110 2093 138 2132 rs
151 2073 189 2134 nt
212 2091 320 2136 omnes
344 2069 435 2136 alites
458 2070 548 2153 sequi
571 2069 723 2135 deberent
745 2069 895 2135 vexillum
918 2070 1033 2154 aquilae
1056 2076 1088 2136 et
1110 2070 1206 2136 simul
1229 2093 1301 2136 cum

151 2197 188 2240 ea
210 2175 392 2252 convolare,
423 2174 451 2238 si
477 2174 607 2240 evadere
629 2175 769 2258 cupiant.
814 2174 884 2239 Illae
905 2196 995 2254 vero,
1027 2197 1097 2259 quse
1120 2176 1301 2242 obedientes
1372 2251 1380 2262 ¹

150 2278 282 2344 morunt
303 2283 337 2344 et
358 2301 430 2344 cnm
452 2279 523 2364 ipsa
544 2279 749 2358 volaverunt,
783 2282 965 2362 evaserunt,
987 2279 1040 2344 sed
1064 2281 1193 2347 fuerunt
1215 2303 1300 2365 quse·

150 2384 225 2450 darn
247 2383 365 2470 gulosae
387 2387 420 2449 et
442 2383 676 2464 inobedientes,
707 2407 777 2469 quae
810 2407 894 2450 escas
924 2384 1051 2450 intuite
1082 2391 1159 2451 sunt
1187 2391 1219 2451 et
1249 2407 1302 2451 eas

151 2490 409 2574 concupiscentes
432 2490 466 2554 in
491 2490 618 2575 laqueos
643 2490 868 2570 convolarunt,
903 2491 988 2554 unde
1016 2490 1150 2556 irretitae
1173 2495 1206 2556 εὴ
1228 2490 1301 2556 ille·

110 2619 138 2658 ao
153 2598 276 2678 queatee
297 2594 521 2661 miserabiliter
543 2595 761 2661 clamaverunt
784 2595 940 2661 dicentes:
970 2596 1026 2679 qui
1048 2617 1112 2662 non
1135 2597 1205 2660 vult
1226 2595 1302 2661 obe·

153 2699 231 2779 dire,
254 2699 346 2765 debet
368 2700 515 2784 nequiter
537 2700 649 2784 perire.
695 2699 781 2785 Ergo
804 2700 976 2765 cavendum
999 2705 1046 2765 est
1062 2699 1177 2765 vitium
1192 2701 1301 2766 inobe-

152 2803 296 2884 dientiae,
330 2805 406 2888 quia
437 2803 651 2870 inobedientia
679 2803 803 2870 confert
831 2808 965 2869 mortem
993 2809 1026 2870 et
1048 2805 1302 2871 maledictionem

152 2909 187 2974 in
208 2909 357 2995 praeeenti
380 2914 413 2975 et
434 2931 562 2996 pennam
583 2909 618 2975 in
640 2909 757 2975 futuro.
804 2909 897 2974 Unde
912 2908 975 2973 fuit
991 2910 1111 2976 dictum
1126 2909 1205 2976 Adue
1221 2909 1298 2976 Gen.

153 3012 223 3080 III:
245 3016 323 3100 quia
337 3015 502 3080 comedisti
517 3015 555 3080 de
580 3014 680 3101 ligno,
703 3015 787 3099 quod
809 3015 871 3080 tibi
892 3037 1113 3101 praeceperam,
1136 3039 1176 3082 ne
1198 3037 1302 3082 come·

111 3143 139 3183 ac
154 3119 259 3200 derce,
282 3120 453 3186 maledicta
473 3123 559 3185 terra
581 3121 615 3183 in
638 3141 732 3206 opere
753 3123 810 3184 tuo
832 3119 940 3204 spinas
972 3123 1004 3183 et
1026 3120 1162 3185 tribulos
1184 3121 1302 3205 germi-

153 3225 245 3290 nabit
266 3225 337 3292 tibi.
382 3224 511 3290 Dictum
545 3223 608 3288 fuit
637 3224 733 3289 etiam
755 3222 844 3289 Sauli
872 3224 957 3310 regis
985 3224 1090 3307 primo
1120 3223 1199 3310 leeg.
1223 3224 1303 3291 XV:

153 3351 213 3415 pro
227 3351 264 3395 eo
285 3329 369 3414 quod
392 3328 535 3412 abjecisti
549 3349 726 3393 sermonem
741 3327 873 3405 domini,
897 3326 1013 3411 abjecit
1027 3331 1060 3391 te
1081 3327 1237 3408 dominus,
1261 3351 1302 3394 ne

154 3435 197 3501 sis
219 3456 284 3500 rex.
330 3434 465 3518 Propter
488 3432 573 3518 quod
601 3433 678 3497 dicit
700 3430 899 3496 Bernsrdus:
931 3452 1083 3517 magnum
1112 3437 1161 3497 est
1190 3433 1305 3498 vitium

154 3539 394 3617 inobedientiae,
425 3539 501 3623 quia
534 3537 667 3623 angelus
700 3536 832 3616 coelum,
865 3536 968 3601 Adam
1000 3536 1198 3621 paradisum,
1229 3535 1306 3604 Saul

115 3665 301 3730 teregnum,
324 3641 472 3709 Salomon
495 3641 633 3726 perdidit
655 3661 795 3706 amorem
818 3639 972 3706 divinum.
1018 3640 1118 3706 Prout
1140 3641 1187 3706 eit
1208 3641 1305 3706 Vale-

155 3749 222 3814 rius
243 3747 280 3813 L.
303 3745 354 3812 11⁰
376 3768 497 3831 ponens
522 3746 710 3831 exemplum,
734 3745 871 3830 qualiter
894 3747 1000 3830 patres
1023 3746 1200 3830 puniebant
1222 3745 1305 3811 filios

155 3853 328 3920 militarem
351 3852 551 3937 disciplinam
575 3873 639 3917 non
663 3852 878 3916 observantes.
924 3849 1074 3916 Aurelius
1098 3851 1183 3915 enim
1202 3851 1305 3916 filium

155 3981 267 4039 suum,
290 3960 365 4043 quia
387 3978 452 4022 non
473 3957 578 4022 tenuit
601 3979 693 4022 suum
713 3960 916 4042 praeceptum,
940 3955 1024 4020 inter
1046 3956 1166 4040 pedites
1188 3952 1305 4040 fungi²

155 4064 278 4152 coegit,
311 4064 395 4149 quod
426 4063 489 4129 fuit
518 4062 665 4127 maximae
693 4060 936 4127 humiliationis.
982 4059 1116 4148 Legitur
1146 4062 1180 4126 in
1208 4059 1306 4126 Chro-

116 4191 142 4231 u
155 4168 235 4236 nicis
263 4166 496 4248 Romanorum,
530 4167 613 4253 quod
645 4188 716 4232 cum
746 4165 852 4231 Julius
883 4163 987 4232 Oaeser
1017 4167 1052 4232 in
1083 4165 1306 4251 perdomandis

722 4286 740 4328 s

226 4398 240 4453 l
259 4395 384 4452 l'rdhere
402 4411 495 4466 ausg.:
512 4393 672 4466 specialiter
690 4391 889 4450 seductionem
968 4392 985 4446 2
1004 4390 1128 4448 Andere:
1147 4393 1309 4464 compungi.

207 4501 370 4546 sonamus:
1058 4485 1098 4548 18
