<?xml version="1.0" encoding="UTF-8"?>
<!DOCTYPE html PUBLIC "-//W3C//DTD XHTML 1.0 Transitional//EN"
    "http://www.w3.org/TR/xhtml1/DTD/xhtml1-transitional.dtd">
<html xmlns="http://www.w3.org/1999/xhtml" xml:lang="en" lang="en">
 <head>
  <title>
</title>
<meta http-equiv="Content-Type" content="text/html;charset=utf-8" />
  <meta name='ocr-system' content='tesseract 3.04.00' />
  <meta name='ocr-capabilities' content='ocr_page ocr_carea ocr_par ocr_line ocrx_word'/>
</head>
<body>
  <div class='ocr_page' id='page_1' title='image "./zweiredenankais02sleigoog/zweiredenankais02sleigoog_0653.png"; bbox 0 0 3172 4958; ppageno 0'>
   <div class='ocr_carea' id='block_1_1' title="bbox 833 351 875 410">
    <p class='ocr_par' dir='ltr' id='par_1_1' title="bbox 833 351 875 410">
     <span class='ocr_line' id='line_1_1' title="bbox 833 351 875 410; baseline 0 0"><span class='ocrx_word' id='word_1_1' title='bbox 833 351 875 410; x_wconf 85' lang='lat'><strong>50</strong></span> 
     </span>
    </p>
   </div>
   <div class='ocr_carea' id='block_1_2' title="bbox 163 517 1531 2488">
    <p class='ocr_par' dir='ltr' id='par_1_2' title="bbox 163 517 1531 2488">
     <span class='ocr_line' id='line_1_2' title="bbox 277 517 1438 605; baseline 0.002 -21"><span class='ocrx_word' id='word_1_2' title='bbox 277 521 409 604; x_wconf 86' lang='lat' dir='ltr'><strong>juvante</strong></span> <span class='ocrx_word' id='word_1_3' title='bbox 431 517 618 601; x_wconf 86' lang='lat' dir='ltr'><strong>prudentia,</strong></span> <span class='ocrx_word' id='word_1_4' title='bbox 650 517 704 581; x_wconf 90' lang='lat' dir='ltr'><strong>sed</strong></span> <span class='ocrx_word' id='word_1_5' title='bbox 737 519 863 600; x_wconf 90' lang='lat' dir='ltr'><strong>quidem</strong></span> <span class='ocrx_word' id='word_1_6' title='bbox 894 519 1096 602; x_wconf 88' lang='lat' dir='ltr'><strong>postmodum</strong></span> <span class='ocrx_word' id='word_1_7' title='bbox 1128 519 1330 604; x_wconf 87' lang='lat' dir='ltr'><strong>rapidissimo</strong></span> <span class='ocrx_word' id='word_1_8' title='bbox 1352 521 1438 605; x_wconf 85' lang='lat' dir='ltr'><strong>pede</strong></span> 
     </span>
     <span class='ocr_line' id='line_1_3' title="bbox 280 623 1437 711; baseline 0 -21"><span class='ocrx_word' id='word_1_9' title='bbox 280 623 400 690; x_wconf 88' lang='lat' dir='ltr'><strong>coelesti</strong></span> <span class='ocrx_word' id='word_1_10' title='bbox 416 623 525 686; x_wconf 87' lang='lat' dir='ltr'><strong>aestate</strong></span> <span class='ocrx_word' id='word_1_11' title='bbox 540 625 711 700; x_wconf 86' lang='lat' dir='ltr'><strong>transacta,</strong></span> <span class='ocrx_word' id='word_1_12' title='bbox 735 623 890 688; x_wconf 88' lang='lat' dir='ltr'><strong>mellificis</strong></span> <span class='ocrx_word' id='word_1_13' title='bbox 907 624 1020 688; x_wconf 91' lang='lat' dir='ltr'><strong>eduliis</strong></span> <span class='ocrx_word' id='word_1_14' title='bbox 1042 629 1075 690; x_wconf 88' lang='lat' dir='ltr'><strong>et</strong></span> <span class='ocrx_word' id='word_1_15' title='bbox 1090 625 1240 711; x_wconf 85' lang='lat' dir='ltr'><strong>gratiosae</strong></span> <span class='ocrx_word' id='word_1_16' title='bbox 1256 627 1356 710; x_wconf 89' lang='lat' dir='ltr'><strong>quieti</strong></span> <span class='ocrx_word' id='word_1_17' title='bbox 1372 626 1437 710; x_wconf 87' lang='lat' dir='ltr'><strong>by-</strong></span> 
     </span>
     <span class='ocr_line' id='line_1_4' title="bbox 280 726 1434 814; baseline 0.001 -20"><span class='ocrx_word' id='word_1_18' title='bbox 280 730 357 794; x_wconf 83' lang='lat' dir='ltr'><strong>emis</strong></span> <span class='ocrx_word' id='word_1_19' title='bbox 380 730 550 810; x_wconf 75' lang='lat' dir='ltr'><strong>tempestas</strong></span> <span class='ocrx_word' id='word_1_20' title='bbox 574 731 605 790; x_wconf 88' lang='lat' dir='ltr'><strong>et</strong></span> <span class='ocrx_word' id='word_1_21' title='bbox 628 726 753 791; x_wconf 83' lang='lat' dir='ltr'><strong>siccitas</strong></span> <span class='ocrx_word' id='word_1_22' title='bbox 776 731 933 793; x_wconf 89' lang='lat' dir='ltr'><strong>successit.</strong></span> <span class='ocrx_word' id='word_1_23' title='bbox 980 730 1126 796; x_wconf 88' lang='lat' dir='ltr'><strong>Prooella</strong></span> <span class='ocrx_word' id='word_1_24' title='bbox 1148 733 1185 795; x_wconf 88' lang='lat' dir='ltr'><strong>de</strong></span> <span class='ocrx_word' id='word_1_25' title='bbox 1208 752 1333 795; x_wconf 89' lang='lat' dir='ltr'><strong>sursum</strong></span> <span class='ocrx_word' id='word_1_26' title='bbox 1356 753 1434 814; x_wconf 87' lang='lat' dir='ltr'><strong>pre-</strong></span> 
     </span>
     <span class='ocr_line' id='line_1_5' title="bbox 279 830 1435 917; baseline 0.002 -19"><span class='ocrx_word' id='word_1_27' title='bbox 279 837 394 910; x_wconf 89' lang='lat' dir='ltr'><strong>mente,</strong></span> <span class='ocrx_word' id='word_1_28' title='bbox 419 837 496 896; x_wconf 88' lang='lat' dir='ltr'><strong>tune</strong></span> <span class='ocrx_word' id='word_1_29' title='bbox 519 835 612 894; x_wconf 91' lang='lat' dir='ltr'><strong>vento</strong></span> <span class='ocrx_word' id='word_1_30' title='bbox 636 830 775 913; x_wconf 80' lang='lat' dir='ltr'><strong>pellente</strong></span> <span class='ocrx_word' id='word_1_31' title='bbox 797 837 892 915; x_wconf 87' lang='lat' dir='ltr'><strong>atque</strong></span> <span class='ocrx_word' id='word_1_32' title='bbox 916 833 1044 917; x_wconf 86' lang='lat' dir='ltr'><strong>frigoris</strong></span> <span class='ocrx_word' id='word_1_33' title='bbox 1068 839 1158 900; x_wconf 85' lang='lat' dir='ltr'><strong>extra</strong></span> <span class='ocrx_word' id='word_1_34' title='bbox 1181 857 1217 900; x_wconf 87' lang='lat' dir='ltr'><strong>ae</strong></span> <span class='ocrx_word' id='word_1_35' title='bbox 1232 836 1327 900; x_wconf 88' lang='lat' dir='ltr'><strong>famis</strong></span> <span class='ocrx_word' id='word_1_36' title='bbox 1344 836 1435 900; x_wconf 85' lang='lat' dir='ltr'><strong>intra</strong></span> 
     </span>
     <span class='ocr_line' id='line_1_6' title="bbox 253 935 1435 1022; baseline 0.001 -18"><span class='ocrx_word' id='word_1_37' title='bbox 253 961 348 1005; x_wconf 79' lang='lat' dir='ltr'><strong>seam</strong></span> <span class='ocrx_word' id='word_1_38' title='bbox 370 937 510 1022; x_wconf 80' lang='lat' dir='ltr'><strong>pernicie</strong></span> <span class='ocrx_word' id='word_1_39' title='bbox 541 935 772 1014; x_wconf 77' lang='lat' dir='ltr'><strong>circumdante,</strong></span> <span class='ocrx_word' id='word_1_40' title='bbox 807 959 879 1001; x_wconf 84' lang='lat' dir='ltr'><strong>mox</strong></span> <span class='ocrx_word' id='word_1_41' title='bbox 910 959 947 1002; x_wconf 85' lang='lat' dir='ltr'><strong>ex</strong></span> <span class='ocrx_word' id='word_1_42' title='bbox 979 940 1045 1004; x_wconf 81' lang='lat' dir='ltr'><strong>alto</strong></span> <span class='ocrx_word' id='word_1_43' title='bbox 1075 940 1208 1006; x_wconf 78' lang='lat' dir='ltr'><strong>formica</strong></span> <span class='ocrx_word' id='word_1_44' title='bbox 1238 940 1435 1006; x_wconf 88' lang='lat' dir='ltr'><strong>descendens</strong></span> 
     </span>
     <span class='ocr_line' id='line_1_7' title="bbox 279 1039 1434 1132; baseline 0.001 -24"><span class='ocrx_word' id='word_1_45' title='bbox 279 1045 408 1110; x_wconf 89' lang='lat' dir='ltr'><strong>solitum</strong></span> <span class='ocrx_word' id='word_1_46' title='bbox 431 1040 526 1124; x_wconf 86' lang='lat' dir='ltr'><strong>eoepit</strong></span> <span class='ocrx_word' id='word_1_47' title='bbox 554 1039 707 1124; x_wconf 88' lang='lat' dir='ltr'><strong>effugium</strong></span> <span class='ocrx_word' id='word_1_48' title='bbox 730 1045 927 1106; x_wconf 88' lang='lat' dir='ltr'><strong>terrenorum</strong></span> <span class='ocrx_word' id='word_1_49' title='bbox 951 1043 1123 1126; x_wconf 83' lang='lat' dir='ltr'><strong>acquirere.</strong></span> <span class='ocrx_word' id='word_1_50' title='bbox 1167 1045 1219 1111; x_wconf 85' lang='lat' dir='ltr'><strong>Sic</strong></span> <span class='ocrx_word' id='word_1_51' title='bbox 1251 1067 1328 1132; x_wconf 89' lang='lat' dir='ltr'><strong>crgo</strong></span> <span class='ocrx_word' id='word_1_52' title='bbox 1358 1067 1434 1110; x_wconf 90' lang='lat' dir='ltr'><strong>oum</strong></span> 
     </span>
     <span class='ocr_line' id='line_1_8' title="bbox 280 1146 1430 1229; baseline 0 -15"><span class='ocrx_word' id='word_1_53' title='bbox 280 1149 467 1214; x_wconf 81' lang='lat' dir='ltr'><strong>necessitate</strong></span> <span class='ocrx_word' id='word_1_54' title='bbox 489 1151 621 1229; x_wconf 83' lang='lat' dir='ltr'><strong>cogente</strong></span> <span class='ocrx_word' id='word_1_55' title='bbox 644 1147 683 1208; x_wconf 87' lang='lat' dir='ltr'><strong>ad</strong></span> <span class='ocrx_word' id='word_1_56' title='bbox 707 1146 870 1210; x_wconf 85' lang='lat' dir='ltr'><strong>dimissum</strong></span> <span class='ocrx_word' id='word_1_57' title='bbox 887 1148 1057 1214; x_wconf 80' lang='lat' dir='ltr'><strong>latibulum</strong></span> <span class='ocrx_word' id='word_1_58' title='bbox 1073 1152 1259 1217; x_wconf 86' lang='lat' dir='ltr'><strong>recurrisset</strong></span> <span class='ocrx_word' id='word_1_59' title='bbox 1274 1151 1430 1228; x_wconf 85' lang='lat' dir='ltr'><strong>clausum,</strong></span> 
     </span>
     <span class='ocr_line' id='line_1_9' title="bbox 278 1251 1432 1341; baseline -0.002 -21"><span class='ocrx_word' id='word_1_60' title='bbox 278 1255 420 1341; x_wconf 80' lang='lat' dir='ltr'><strong>pulsanti</strong></span> <span class='ocrx_word' id='word_1_61' title='bbox 435 1253 475 1317; x_wconf 93' lang='lat' dir='ltr'><strong>ab</strong></span> <span class='ocrx_word' id='word_1_62' title='bbox 498 1251 629 1316; x_wconf 88' lang='lat' dir='ltr'><strong>ostiaria</strong></span> <span class='ocrx_word' id='word_1_63' title='bbox 650 1255 698 1314; x_wconf 90' lang='lat' dir='ltr'><strong>est</strong></span> <span class='ocrx_word' id='word_1_64' title='bbox 729 1273 932 1336; x_wconf 86' lang='lat' dir='ltr'><strong>responsum:</strong></span> <span class='ocrx_word' id='word_1_65' title='bbox 961 1254 1044 1318; x_wconf 90' lang='lat' dir='ltr'><strong>unde</strong></span> <span class='ocrx_word' id='word_1_66' title='bbox 1067 1255 1174 1332; x_wconf 87' lang='lat' dir='ltr'><strong>venis,</strong></span> <span class='ocrx_word' id='word_1_67' title='bbox 1199 1255 1275 1339; x_wconf 92' lang='lat' dir='ltr'><strong>quid</strong></span> <span class='ocrx_word' id='word_1_68' title='bbox 1296 1257 1432 1340; x_wconf 81' lang='lat' dir='ltr'><strong>portas?</strong></span> 
     </span>
     <span class='ocr_line' id='line_1_10' title="bbox 278 1357 1431 1444; baseline -0.001 -19"><span class='ocrx_word' id='word_1_69' title='bbox 278 1361 325 1426; x_wconf 85' lang='lat' dir='ltr'><strong>At</strong></span> <span class='ocrx_word' id='word_1_70' title='bbox 340 1360 413 1424; x_wconf 88' lang='lat' dir='ltr'><strong>illa:</strong></span> <span class='ocrx_word' id='word_1_71' title='bbox 438 1357 590 1421; x_wconf 89' lang='lat' dir='ltr'><strong>nimirum</strong></span> <span class='ocrx_word' id='word_1_72' title='bbox 606 1357 643 1420; x_wconf 92' lang='lat' dir='ltr'><strong>de</strong></span> <span class='ocrx_word' id='word_1_73' title='bbox 659 1362 729 1420; x_wconf 76' lang='lat' dir='ltr'><strong>atre</strong></span> <span class='ocrx_word' id='word_1_74' title='bbox 744 1361 871 1422; x_wconf 87' lang='lat' dir='ltr'><strong>tantum</strong></span> <span class='ocrx_word' id='word_1_75' title='bbox 887 1359 961 1422; x_wconf 87' lang='lat' dir='ltr'><strong>alas.</strong></span> <span class='ocrx_word' id='word_1_76' title='bbox 994 1360 1068 1424; x_wconf 89' lang='lat' dir='ltr'><strong>Mox</strong></span> <span class='ocrx_word' id='word_1_77' title='bbox 1083 1361 1155 1424; x_wconf 89' lang='lat' dir='ltr'><strong>illa:</strong></span> <span class='ocrx_word' id='word_1_78' title='bbox 1180 1361 1268 1439; x_wconf 89' lang='lat' dir='ltr'><strong>vade,</strong></span> <span class='ocrx_word' id='word_1_79' title='bbox 1285 1361 1360 1444; x_wconf 91' lang='lat' dir='ltr'><strong>quia</strong></span> <span class='ocrx_word' id='word_1_80' title='bbox 1375 1361 1431 1425; x_wconf 90' lang='lat' dir='ltr'><strong>hic</strong></span> 
     </span>
     <span class='ocr_line' id='line_1_11' title="bbox 240 1462 1432 1546; baseline -0.002 -16"><span class='ocrx_word' id='word_1_81' title='bbox 240 1493 265 1530; x_wconf 82' lang='grc' dir='ltr'><strong>ιο</strong></span> <span class='ocrx_word' id='word_1_82' title='bbox 279 1465 403 1530; x_wconf 92' lang='lat' dir='ltr'><strong>nullum</strong></span> <span class='ocrx_word' id='word_1_83' title='bbox 425 1462 555 1540; x_wconf 87' lang='lat' dir='ltr'><strong>alatum,</strong></span> <span class='ocrx_word' id='word_1_84' title='bbox 579 1463 688 1545; x_wconf 89' lang='lat' dir='ltr'><strong>etqui</strong></span> <span class='ocrx_word' id='word_1_85' title='bbox 712 1483 775 1526; x_wconf 89' lang='lat' dir='ltr'><strong>non</strong></span> <span class='ocrx_word' id='word_1_86' title='bbox 799 1485 903 1528; x_wconf 88' lang='lat' dir='ltr'><strong>secum</strong></span> <span class='ocrx_word' id='word_1_87' title='bbox 927 1465 1042 1528; x_wconf 89' lang='lat' dir='ltr'><strong>detulit</strong></span> <span class='ocrx_word' id='word_1_88' title='bbox 1066 1465 1224 1546; x_wconf 89' lang='lat' dir='ltr'><strong>fructum,</strong></span> <span class='ocrx_word' id='word_1_89' title='bbox 1248 1464 1432 1529; x_wconf 81' lang='lat' dir='ltr'><strong>inviolabili</strong></span> 
     </span>
     <span class='ocr_line' id='line_1_12' title="bbox 279 1567 1433 1655; baseline -0.001 -21"><span class='ocrx_word' id='word_1_90' title='bbox 279 1571 349 1655; x_wconf 88' lang='lat' dir='ltr'><strong>lege</strong></span> <span class='ocrx_word' id='word_1_91' title='bbox 371 1567 568 1634; x_wconf 82' lang='lat' dir='ltr'><strong>naturaehic</strong></span> <span class='ocrx_word' id='word_1_92' title='bbox 591 1567 746 1631; x_wconf 85' lang='lat' dir='ltr'><strong>conditur.</strong></span> <span class='ocrx_word' id='word_1_93' title='bbox 793 1567 883 1632; x_wconf 80' lang='lat' dir='ltr'><strong>&#39;func</strong></span> <span class='ocrx_word' id='word_1_94' title='bbox 906 1568 1072 1652; x_wconf 84' lang='lat' dir='ltr'><strong>desperata</strong></span> <span class='ocrx_word' id='word_1_95' title='bbox 1094 1571 1228 1635; x_wconf 85' lang='lat' dir='ltr'><strong>formica</strong></span> <span class='ocrx_word' id='word_1_96' title='bbox 1248 1569 1354 1634; x_wconf 88' lang='lat' dir='ltr'><strong>locum</strong></span> <span class='ocrx_word' id='word_1_97' title='bbox 1376 1569 1433 1634; x_wconf 90' lang='lat' dir='ltr'><strong>de·</strong></span> 
     </span>
     <span class='ocr_line' id='line_1_13' title="bbox 278 1671 1430 1755; baseline -0.004 -13"><span class='ocrx_word' id='word_1_98' title='bbox 278 1681 400 1742; x_wconf 82' lang='lat' dir='ltr'><strong>testans</strong></span> <span class='ocrx_word' id='word_1_99' title='bbox 432 1671 641 1737; x_wconf 88' lang='lat' dir='ltr'><strong>adventitium</strong></span> <span class='ocrx_word' id='word_1_100' title='bbox 671 1676 703 1735; x_wconf 92' lang='lat' dir='ltr'><strong>et</strong></span> <span class='ocrx_word' id='word_1_101' title='bbox 734 1672 871 1755; x_wconf 89' lang='lat' dir='ltr'><strong>primum</strong></span> <span class='ocrx_word' id='word_1_102' title='bbox 895 1672 1027 1737; x_wconf 88' lang='lat' dir='ltr'><strong>laudans</strong></span> <span class='ocrx_word' id='word_1_103' title='bbox 1049 1675 1238 1740; x_wconf 87' lang='lat' dir='ltr'><strong>exclamavit</strong></span> <span class='ocrx_word' id='word_1_104' title='bbox 1267 1680 1300 1740; x_wconf 90' lang='lat' dir='ltr'><strong>et</strong></span> <span class='ocrx_word' id='word_1_105' title='bbox 1329 1674 1430 1739; x_wconf 83' lang='lat' dir='ltr'><strong>dixit:</strong></span> 
     </span>
     <span class='ocr_line' id='line_1_14' title="bbox 278 1777 1431 1866; baseline -0.003 -19"><span class='ocrx_word' id='word_1_106' title='bbox 278 1800 433 1866; x_wconf 86' lang='lat' dir='ltr'><strong>cognosco</strong></span> <span class='ocrx_word' id='word_1_107' title='bbox 464 1781 548 1842; x_wconf 88' lang='lat' dir='ltr'><strong>certe</strong></span> <span class='ocrx_word' id='word_1_108' title='bbox 571 1777 715 1840; x_wconf 84' lang='lat' dir='ltr'><strong>fallacem</strong></span> <span class='ocrx_word' id='word_1_109' title='bbox 738 1777 955 1842; x_wconf 84' lang='lat' dir='ltr'><strong>celsitudinem</strong></span> <span class='ocrx_word' id='word_1_110' title='bbox 980 1780 1058 1846; x_wconf 87' lang='lat' dir='ltr'><strong>lueis</strong></span> <span class='ocrx_word' id='word_1_111' title='bbox 1082 1779 1176 1864; x_wconf 89' lang='lat' dir='ltr'><strong>hujus</strong></span> <span class='ocrx_word' id='word_1_112' title='bbox 1201 1780 1312 1846; x_wconf 89' lang='lat' dir='ltr'><strong>mundi</strong></span> <span class='ocrx_word' id='word_1_113' title='bbox 1335 1803 1355 1846; x_wconf 91' lang='lat' dir='ltr'><strong>a</strong></span> <span class='ocrx_word' id='word_1_114' title='bbox 1379 1801 1431 1844; x_wconf 90' lang='lat' dir='ltr'><strong>sa-</strong></span> 
     </span>
     <span class='ocr_line' id='line_1_15' title="bbox 278 1882 1432 1970; baseline -0.001 -19"><span class='ocrx_word' id='word_1_115' title='bbox 278 1885 439 1970; x_wconf 87' lang='lat' dir='ltr'><strong>pientibus</strong></span> <span class='ocrx_word' id='word_1_116' title='bbox 459 1883 652 1967; x_wconf 86' lang='lat' dir='ltr'><strong>fugiendam,</strong></span> <span class='ocrx_word' id='word_1_117' title='bbox 670 1882 775 1965; x_wconf 91' lang='lat' dir='ltr'><strong>quiete</strong></span> <span class='ocrx_word' id='word_1_118' title='bbox 798 1883 964 1964; x_wconf 84' lang='lat' dir='ltr'><strong>privatam,</strong></span> <span class='ocrx_word' id='word_1_119' title='bbox 989 1885 1168 1950; x_wconf 87' lang='lat' dir='ltr'><strong>securitatis</strong></span> <span class='ocrx_word' id='word_1_120' title='bbox 1182 1886 1328 1965; x_wconf 83' lang='lat' dir='ltr'><strong>nesciam,</strong></span> <span class='ocrx_word' id='word_1_121' title='bbox 1354 1885 1432 1950; x_wconf 85' lang='lat' dir='ltr'><strong>bino</strong></span> 
     </span>
     <span class='ocr_line' id='line_1_16' title="bbox 239 1986 1428 2070; baseline -0.001 -15"><span class='ocrx_word' id='word_1_122' title='bbox 239 2016 265 2054; x_wconf 80' lang='lat' dir='ltr'><strong>re</strong></span> <span class='ocrx_word' id='word_1_123' title='bbox 279 1992 352 2055; x_wconf 92' lang='lat' dir='ltr'><strong>inde</strong></span> <span class='ocrx_word' id='word_1_124' title='bbox 376 1987 552 2053; x_wconf 75' lang='lat' dir='ltr'><strong>innumeris</strong></span> <span class='ocrx_word' id='word_1_125' title='bbox 576 1986 723 2050; x_wconf 88' lang='lat' dir='ltr'><strong>vallatam</strong></span> <span class='ocrx_word' id='word_1_126' title='bbox 744 1988 901 2070; x_wconf 86' lang='lat' dir='ltr'><strong>angustiis</strong></span> <span class='ocrx_word' id='word_1_127' title='bbox 926 1991 957 2050; x_wconf 89' lang='lat' dir='ltr'><strong>et</strong></span> <span class='ocrx_word' id='word_1_128' title='bbox 980 1989 1085 2052; x_wconf 87' lang='lat' dir='ltr'><strong>vitalis</strong></span> <span class='ocrx_word' id='word_1_129' title='bbox 1102 2011 1233 2055; x_wconf 87' lang='lat' dir='ltr'><strong>vacuam</strong></span> <span class='ocrx_word' id='word_1_130' title='bbox 1256 1991 1428 2056; x_wconf 88' lang='lat' dir='ltr'><strong>libertatis.</strong></span> 
     </span>
     <span class='ocr_line' id='line_1_17' title="bbox 279 2082 1531 2179; baseline 0 -21"><span class='ocrx_word' id='word_1_131' title='bbox 279 2094 380 2170; x_wconf 85' lang='lat' dir='ltr'><strong>Quam</strong></span> <span class='ocrx_word' id='word_1_132' title='bbox 402 2091 479 2156; x_wconf 87' lang='lat' dir='ltr'><strong>felix</strong></span> <span class='ocrx_word' id='word_1_133' title='bbox 502 2091 618 2173; x_wconf 90' lang='lat' dir='ltr'><strong>quippe</strong></span> <span class='ocrx_word' id='word_1_134' title='bbox 641 2094 689 2152; x_wconf 87' lang='lat' dir='ltr'><strong>est</strong></span> <span class='ocrx_word' id='word_1_135' title='bbox 711 2090 766 2152; x_wconf 87' lang='lat' dir='ltr'><strong>illa</strong></span> <span class='ocrx_word' id='word_1_136' title='bbox 790 2090 880 2154; x_wconf 85' lang='lat' dir='ltr'><strong>fovea</strong></span> <span class='ocrx_word' id='word_1_137' title='bbox 906 2091 1108 2167; x_wconf 75' lang='lat' dir='ltr'><strong>obscuritatis</strong></span> <span class='ocrx_word' id='word_1_138' title='bbox 1131 2093 1280 2173; x_wconf 89' lang='lat' dir='ltr'><strong>humilis,</strong></span> <span class='ocrx_word' id='word_1_139' title='bbox 1304 2116 1429 2179; x_wconf 86' lang='lat' dir='ltr'><strong>semper</strong></span> <span class='ocrx_word' id='word_1_140' title='bbox 1519 2082 1531 2110; x_wconf 76' lang='lat'><strong>&#39;&#39;</strong></span> 
     </span>
     <span class='ocr_line' id='line_1_18' title="bbox 279 2193 1428 2282; baseline -0.001 -18"><span class='ocrx_word' id='word_1_141' title='bbox 279 2197 414 2273; x_wconf 91' lang='lat' dir='ltr'><strong>stabilis,</strong></span> <span class='ocrx_word' id='word_1_142' title='bbox 438 2196 578 2278; x_wconf 89' lang='lat' dir='ltr'><strong>undique</strong></span> <span class='ocrx_word' id='word_1_143' title='bbox 594 2197 673 2272; x_wconf 88' lang='lat' dir='ltr'><strong>tuta,</strong></span> <span class='ocrx_word' id='word_1_144' title='bbox 699 2193 799 2264; x_wconf 83' lang='lat' dir='ltr'><strong>dulcis</strong></span> <span class='ocrx_word' id='word_1_145' title='bbox 815 2195 986 2258; x_wconf 87' lang='lat' dir='ltr'><strong>amicarum</strong></span> <span class='ocrx_word' id='word_1_146' title='bbox 1010 2217 1154 2260; x_wconf 88' lang='lat' dir='ltr'><strong>sororum</strong></span> <span class='ocrx_word' id='word_1_147' title='bbox 1181 2199 1304 2282; x_wconf 91' lang='lat' dir='ltr'><strong>politia,</strong></span> <span class='ocrx_word' id='word_1_148' title='bbox 1327 2198 1428 2262; x_wconf 89' lang='lat' dir='ltr'><strong>bono-</strong></span> 
     </span>
     <span class='ocr_line' id='line_1_19' title="bbox 163 2298 1428 2387; baseline -0.002 -19"><span class='ocrx_word' id='word_1_149' title='bbox 163 2347 164 2350; x_wconf 56' lang='lat'><em>=</em></span> <span class='ocrx_word' id='word_1_150' title='bbox 279 2327 349 2368; x_wconf 90' lang='lat' dir='ltr'><strong>rum</strong></span> <span class='ocrx_word' id='word_1_151' title='bbox 379 2301 526 2365; x_wconf 81' lang='lat' dir='ltr'><strong>vitalium</strong></span> <span class='ocrx_word' id='word_1_152' title='bbox 556 2299 644 2382; x_wconf 87' lang='lat' dir='ltr'><strong>regio</strong></span> <span class='ocrx_word' id='word_1_153' title='bbox 675 2299 786 2380; x_wconf 87' lang='lat' dir='ltr'><strong>plena!</strong></span> <span class='ocrx_word' id='word_1_154' title='bbox 819 2298 870 2362; x_wconf 83' lang='lat' dir='ltr'><strong>Sic</strong></span> <span class='ocrx_word' id='word_1_155' title='bbox 898 2299 932 2362; x_wconf 92' lang='lat' dir='ltr'><strong>in</strong></span> <span class='ocrx_word' id='word_1_156' title='bbox 963 2300 1055 2364; x_wconf 88' lang='lat' dir='ltr'><strong>malis</strong></span> <span class='ocrx_word' id='word_1_157' title='bbox 1089 2301 1229 2368; x_wconf 73' lang='lat' dir='ltr'><strong>formica</strong></span> <span class='ocrx_word' id='word_1_158' title='bbox 1258 2304 1428 2387; x_wconf 88' lang='lat' dir='ltr'><strong>prudentia</strong></span> 
     </span>
     <span class='ocr_line' id='line_1_20' title="bbox 278 2403 1022 2488; baseline -0.007 -14"><span class='ocrx_word' id='word_1_159' title='bbox 278 2409 411 2487; x_wconf 88' lang='lat' dir='ltr'><strong>reddita,</strong></span> <span class='ocrx_word' id='word_1_160' title='bbox 435 2406 501 2470; x_wconf 87' lang='lat' dir='ltr'><strong>vita</strong></span> <span class='ocrx_word' id='word_1_161' title='bbox 524 2427 580 2488; x_wconf 91' lang='lat' dir='ltr'><strong>per</strong></span> <span class='ocrx_word' id='word_1_162' title='bbox 602 2403 780 2488; x_wconf 88' lang='lat' dir='ltr'><strong>superbiam</strong></span> <span class='ocrx_word' id='word_1_163' title='bbox 804 2411 945 2487; x_wconf 85' lang='lat' dir='ltr'><strong>peremta</strong></span> <span class='ocrx_word' id='word_1_164' title='bbox 967 2410 1022 2469; x_wconf 90' lang='lat' dir='ltr'><strong>est.</strong></span> 
     </span>
    </p>
   </div>
   <div class='ocr_carea' id='block_1_3' title="bbox 240 2616 1430 2807">
    <p class='ocr_par' dir='ltr' id='par_1_3' title="bbox 240 2616 1430 2807">
     <span class='ocr_line' id='line_1_21' title="bbox 240 2616 1430 2702; baseline 0.003 -24"><span class='ocrx_word' id='word_1_165' title='bbox 240 2619 436 2685; x_wconf 81' lang='lat' dir='ltr'><strong>roOontra</strong></span> <span class='ocrx_word' id='word_1_166' title='bbox 465 2639 549 2695; x_wconf 90' lang='lat' dir='ltr'><strong>eos,</strong></span> <span class='ocrx_word' id='word_1_167' title='bbox 579 2616 650 2699; x_wconf 92' lang='lat' dir='ltr'><strong>qui</strong></span> <span class='ocrx_word' id='word_1_168' title='bbox 681 2616 764 2680; x_wconf 86' lang='lat' dir='ltr'><strong>cito</strong></span> <span class='ocrx_word' id='word_1_169' title='bbox 793 2616 937 2698; x_wconf 87' lang='lat' dir='ltr'><strong>adepti</strong></span> <span class='ocrx_word' id='word_1_170' title='bbox 960 2620 1121 2702; x_wconf 87' lang='lat' dir='ltr'><strong>raptam</strong></span> <span class='ocrx_word' id='word_1_171' title='bbox 1150 2617 1430 2683; x_wconf 87' lang='lat' dir='ltr'><strong>altitudinem</strong></span> 
     </span>
     <span class='ocr_line' id='line_1_22' title="bbox 486 2721 1225 2807; baseline 0.004 -23"><span class='ocrx_word' id='word_1_172' title='bbox 486 2721 736 2807; x_wconf 82' lang='lat' dir='ltr'><strong>gloriantur</strong></span> <span class='ocrx_word' id='word_1_173' title='bbox 758 2725 1010 2803; x_wconf 87' lang='lat' dir='ltr'><strong>spernentes</strong></span> <span class='ocrx_word' id='word_1_174' title='bbox 1032 2722 1225 2788; x_wconf 90' lang='lat' dir='ltr'><strong>humiles.</strong></span> 
     </span>
    </p>
   </div>
   <div class='ocr_carea' id='block_1_4' title="bbox 419 2895 1294 2982">
    <p class='ocr_par' dir='ltr' id='par_1_4' title="bbox 419 2895 1294 2982">
     <span class='ocr_line' id='line_1_23' title="bbox 419 2895 1294 2982; baseline 0.003 -22"><span class='ocrx_word' id='word_1_175' title='bbox 419 2895 476 2960; x_wconf 86' lang='lat' dir='ltr'><strong>De</strong></span> <span class='ocrx_word' id='word_1_176' title='bbox 499 2895 703 2959; x_wconf 91' lang='lat' dir='ltr'><strong>arundine</strong></span> <span class='ocrx_word' id='word_1_177' title='bbox 726 2898 766 2958; x_wconf 90' lang='lat' dir='ltr'><strong>et</strong></span> <span class='ocrx_word' id='word_1_178' title='bbox 788 2915 917 2958; x_wconf 88' lang='lat' dir='ltr'><strong>canna</strong></span> <span class='ocrx_word' id='word_1_179' title='bbox 939 2896 1125 2976; x_wconf 90' lang='lat' dir='ltr'><strong>mellita,</strong></span> <span class='ocrx_word' id='word_1_180' title='bbox 1150 2918 1217 2982; x_wconf 89' lang='lat' dir='ltr'><strong>cap.</strong></span> <span class='ocrx_word' id='word_1_181' title='bbox 1246 2903 1294 2962; x_wconf 87' lang='lat'><strong>14.</strong></span> 
     </span>
    </p>
   </div>
   <div class='ocr_carea' id='block_1_5' title="bbox 166 3027 1432 4489">
    <p class='ocr_par' dir='ltr' id='par_1_5' title="bbox 366 3027 1429 3119">
     <span class='ocr_line' id='line_1_24' title="bbox 366 3027 1429 3119; baseline 0.001 -17"><span class='ocrx_word' id='word_1_182' title='bbox 366 3027 475 3102; x_wconf 82' lang='lat' dir='ltr'><strong>Canna</strong></span> <span class='ocrx_word' id='word_1_183' title='bbox 498 3036 672 3100; x_wconf 88' lang='lat' dir='ltr'><strong>arundinea</strong></span> <span class='ocrx_word' id='word_1_184' title='bbox 697 3037 791 3119; x_wconf 85' lang='lat' dir='ltr'><strong>juxta</strong></span> <span class='ocrx_word' id='word_1_185' title='bbox 822 3057 956 3099; x_wconf 88' lang='lat' dir='ltr'><strong>cannam</strong></span> <span class='ocrx_word' id='word_1_186' title='bbox 988 3036 1143 3100; x_wconf 87' lang='lat' dir='ltr'><strong>mellitam</strong></span> <span class='ocrx_word' id='word_1_187' title='bbox 1166 3036 1272 3101; x_wconf 87' lang='lat' dir='ltr'><strong>oriens</strong></span> <span class='ocrx_word' id='word_1_188' title='bbox 1297 3038 1429 3103; x_wconf 87' lang='lat' dir='ltr'><strong>eandem</strong></span> 
     </span>
    </p>

    <p class='ocr_par' dir='ltr' id='par_1_6' title="bbox 239 3140 1431 3645">
     <span class='ocr_line' id='line_1_25' title="bbox 279 3140 1430 3226; baseline 0.003 -21"><span class='ocrx_word' id='word_1_189' title='bbox 279 3143 313 3206; x_wconf 90' lang='lat' dir='ltr'><strong>in</strong></span> <span class='ocrx_word' id='word_1_190' title='bbox 326 3143 413 3207; x_wconf 89' lang='lat' dir='ltr'><strong>brevi</strong></span> <span class='ocrx_word' id='word_1_191' title='bbox 426 3142 650 3210; x_wconf 87' lang='lat' dir='ltr'><strong>transcendens</strong></span> <span class='ocrx_word' id='word_1_192' title='bbox 662 3140 830 3204; x_wconf 86' lang='lat' dir='ltr'><strong>altitudine</strong></span> <span class='ocrx_word' id='word_1_193' title='bbox 840 3145 965 3204; x_wconf 84' lang='lat' dir='ltr'><strong>tumens</strong></span> <span class='ocrx_word' id='word_1_194' title='bbox 978 3141 1040 3203; x_wconf 87' lang='lat' dir='ltr'><strong>ait:</strong></span> <span class='ocrx_word' id='word_1_195' title='bbox 1051 3141 1430 3226; x_wconf 73' lang='lat' dir='ltr'><strong>cannamellisquantum</strong></span> 
     </span>
     <span class='ocr_line' id='line_1_26' title="bbox 239 3245 1431 3331; baseline 0.003 -23"><span class='ocrx_word' id='word_1_196' title='bbox 239 3249 431 3331; x_wconf 79' lang='lat' dir='ltr'><strong>astemporis</strong></span> <span class='ocrx_word' id='word_1_197' title='bbox 454 3247 573 3312; x_wconf 82' lang='lat' dir='ltr'><strong>babes?</strong></span> <span class='ocrx_word' id='word_1_198' title='bbox 597 3245 654 3309; x_wconf 83' lang='lat' dir='ltr'><strong>Cui</strong></span> <span class='ocrx_word' id='word_1_199' title='bbox 678 3246 734 3310; x_wconf 91' lang='lat' dir='ltr'><strong>illa</strong></span> <span class='ocrx_word' id='word_1_200' title='bbox 758 3245 938 3327; x_wconf 91' lang='lat' dir='ltr'><strong>respondit:</strong></span> <span class='ocrx_word' id='word_1_201' title='bbox 972 3245 1049 3308; x_wconf 87' lang='lat' dir='ltr'><strong>duos</strong></span> <span class='ocrx_word' id='word_1_202' title='bbox 1080 3247 1154 3310; x_wconf 82' lang='lat' dir='ltr'><strong>vitae</strong></span> <span class='ocrx_word' id='word_1_203' title='bbox 1181 3269 1292 3314; x_wconf 89' lang='lat' dir='ltr'><strong>annos.</strong></span> <span class='ocrx_word' id='word_1_204' title='bbox 1339 3247 1431 3312; x_wconf 84' lang='lat' dir='ltr'><strong>Tunc</strong></span> 
     </span>
     <span class='ocr_line' id='line_1_27' title="bbox 279 3350 1430 3438; baseline -0.002 -20"><span class='ocrx_word' id='word_1_205' title='bbox 279 3354 349 3438; x_wconf 89' lang='lat' dir='ltr'><strong>ipsa</strong></span> <span class='ocrx_word' id='word_1_206' title='bbox 371 3353 507 3420; x_wconf 87' lang='lat' dir='ltr'><strong>velocius</strong></span> <span class='ocrx_word' id='word_1_207' title='bbox 532 3352 633 3416; x_wconf 91' lang='lat' dir='ltr'><strong>altum</strong></span> <span class='ocrx_word' id='word_1_208' title='bbox 656 3351 795 3433; x_wconf 88' lang='lat' dir='ltr'><strong>rapuisse</strong></span> <span class='ocrx_word' id='word_1_209' title='bbox 818 3372 851 3414; x_wconf 90' lang='lat' dir='ltr'><strong>se</strong></span> <span class='ocrx_word' id='word_1_210' title='bbox 873 3350 1013 3434; x_wconf 89' lang='lat' dir='ltr'><strong>gaudens</strong></span> <span class='ocrx_word' id='word_1_211' title='bbox 1038 3373 1252 3436; x_wconf 88' lang='lat' dir='ltr'><strong>spernensque</strong></span> <span class='ocrx_word' id='word_1_212' title='bbox 1274 3351 1430 3417; x_wconf 90' lang='lat' dir='ltr'><strong>humilem</strong></span> 
     </span>
     <span class='ocr_line' id='line_1_28' title="bbox 278 3455 1430 3543; baseline -0.001 -21"><span class='ocrx_word' id='word_1_213' title='bbox 278 3480 352 3523; x_wconf 87' lang='lat' dir='ltr'><strong>mox</strong></span> <span class='ocrx_word' id='word_1_214' title='bbox 376 3459 567 3543; x_wconf 75' lang='lat' dir='ltr'><strong>arrogantiae</strong></span> <span class='ocrx_word' id='word_1_215' title='bbox 590 3455 787 3542; x_wconf 86' lang='lat' dir='ltr'><strong>gratitudine</strong></span> <span class='ocrx_word' id='word_1_216' title='bbox 809 3456 910 3520; x_wconf 86' lang='lat' dir='ltr'><strong>dixit:</strong></span> <span class='ocrx_word' id='word_1_217' title='bbox 940 3456 1020 3520; x_wconf 90' lang='lat' dir='ltr'><strong>bene</strong></span> <span class='ocrx_word' id='word_1_218' title='bbox 1052 3457 1097 3522; x_wconf 88' lang='lat' dir='ltr'><strong>sit</strong></span> <span class='ocrx_word' id='word_1_219' title='bbox 1123 3461 1263 3538; x_wconf 80' lang='lat' dir='ltr'><strong>naturae,</strong></span> <span class='ocrx_word' id='word_1_220' title='bbox 1294 3480 1364 3542; x_wconf 85' lang='lat' dir='ltr'><strong>quae</strong></span> <span class='ocrx_word' id='word_1_221' title='bbox 1394 3459 1430 3521; x_wconf 93' lang='lat' dir='ltr'><strong>in</strong></span> 
     </span>
     <span class='ocr_line' id='line_1_29' title="bbox 279 3561 1430 3645; baseline -0.002 -17"><span class='ocrx_word' id='word_1_222' title='bbox 279 3585 362 3629; x_wconf 90' lang='lat' dir='ltr'><strong>anno</strong></span> <span class='ocrx_word' id='word_1_223' title='bbox 385 3586 436 3627; x_wconf 90' lang='lat' dir='ltr'><strong>me</strong></span> <span class='ocrx_word' id='word_1_224' title='bbox 457 3563 532 3627; x_wconf 91' lang='lat' dir='ltr'><strong>fecit</strong></span> <span class='ocrx_word' id='word_1_225' title='bbox 555 3569 586 3625; x_wconf 87' lang='lat' dir='ltr'><strong>te</strong></span> <span class='ocrx_word' id='word_1_226' title='bbox 599 3561 725 3645; x_wconf 89' lang='lat' dir='ltr'><strong>quidem</strong></span> <span class='ocrx_word' id='word_1_227' title='bbox 747 3562 978 3625; x_wconf 88' lang='lat' dir='ltr'><strong>transceudere.</strong></span> <span class='ocrx_word' id='word_1_228' title='bbox 1027 3563 1077 3627; x_wconf 87' lang='lat' dir='ltr'><strong>Ad</strong></span> <span class='ocrx_word' id='word_1_229' title='bbox 1100 3563 1168 3627; x_wconf 85' lang='lat' dir='ltr'><strong>haec</strong></span> <span class='ocrx_word' id='word_1_230' title='bbox 1190 3585 1292 3628; x_wconf 90' lang='lat' dir='ltr'><strong>canna</strong></span> <span class='ocrx_word' id='word_1_231' title='bbox 1314 3563 1430 3643; x_wconf 91' lang='lat' dir='ltr'><strong>mellis,</strong></span> 
     </span>
    </p>

    <p class='ocr_par' dir='ltr' id='par_1_7' title="bbox 166 3665 1432 4489">
     <span class='ocr_line' id='line_1_30' title="bbox 166 3665 1431 3754; baseline -0.001 -20"><span class='ocrx_word' id='word_1_232' title='bbox 166 3749 167 3754; x_wconf 8' lang='grc' dir='ltr'>ἵ</span> <span class='ocrx_word' id='word_1_233' title='bbox 278 3669 470 3752; x_wconf 89' lang='lat' dir='ltr'><strong>respondens</strong></span> <span class='ocrx_word' id='word_1_234' title='bbox 482 3667 579 3732; x_wconf 69' lang='lat' dir='ltr'><strong>fatuae</strong></span> <span class='ocrx_word' id='word_1_235' title='bbox 591 3665 804 3731; x_wconf 85' lang='lat' dir='ltr'><strong>confusionem</strong></span> <span class='ocrx_word' id='word_1_236' title='bbox 821 3687 920 3741; x_wconf 90' lang='lat' dir='ltr'><strong>suam,</strong></span> <span class='ocrx_word' id='word_1_237' title='bbox 939 3666 1037 3730; x_wconf 85' lang='lat' dir='ltr'><strong>dixit:</strong></span> <span class='ocrx_word' id='word_1_238' title='bbox 1061 3667 1141 3732; x_wconf 88' lang='lat' dir='ltr'><strong>bene</strong></span> <span class='ocrx_word' id='word_1_239' title='bbox 1157 3690 1189 3732; x_wconf 92' lang='lat' dir='ltr'><strong>es</strong></span> <span class='ocrx_word' id='word_1_240' title='bbox 1199 3669 1320 3732; x_wconf 91' lang='lat' dir='ltr'><strong>arundo</strong></span> <span class='ocrx_word' id='word_1_241' title='bbox 1336 3691 1431 3733; x_wconf 91' lang='lat' dir='ltr'><strong>sensu</strong></span> 
     </span>
     <span class='ocr_line' id='line_1_31' title="bbox 241 3770 1430 3857; baseline -0.002 -18"><span class='ocrx_word' id='word_1_242' title='bbox 241 3775 368 3840; x_wconf 77' lang='lat' dir='ltr'><strong>auarida</strong></span> <span class='ocrx_word' id='word_1_243' title='bbox 391 3777 423 3838; x_wconf 91' lang='lat' dir='ltr'><strong>et</strong></span> <span class='ocrx_word' id='word_1_244' title='bbox 445 3773 548 3837; x_wconf 87' lang='lat' dir='ltr'><strong>omnis</strong></span> <span class='ocrx_word' id='word_1_245' title='bbox 572 3770 771 3836; x_wconf 86' lang='lat' dir='ltr'><strong>ventositatis</strong></span> <span class='ocrx_word' id='word_1_246' title='bbox 795 3771 915 3853; x_wconf 90' lang='lat' dir='ltr'><strong>impetu</strong></span> <span class='ocrx_word' id='word_1_247' title='bbox 939 3772 1072 3854; x_wconf 86' lang='lat' dir='ltr'><strong>agitata,</strong></span> <span class='ocrx_word' id='word_1_248' title='bbox 1095 3794 1159 3852; x_wconf 82' lang='lat' dir='ltr'><strong>uon</strong></span> <span class='ocrx_word' id='word_1_249' title='bbox 1177 3773 1326 3853; x_wconf 87' lang='lat' dir='ltr'><strong>attendis,</strong></span> <span class='ocrx_word' id='word_1_250' title='bbox 1350 3795 1430 3857; x_wconf 91' lang='lat' dir='ltr'><strong>quo-</strong></span> 
     </span>
     <span class='ocr_line' id='line_1_32' title="bbox 279 3876 1432 3962; baseline -0.002 -19"><span class='ocrx_word' id='word_1_251' title='bbox 279 3881 364 3944; x_wconf 89' lang='lat' dir='ltr'><strong>niam</strong></span> <span class='ocrx_word' id='word_1_252' title='bbox 391 3882 426 3943; x_wconf 90' lang='lat' dir='ltr'><strong>ut</strong></span> <span class='ocrx_word' id='word_1_253' title='bbox 441 3879 505 3944; x_wconf 88' lang='lat' dir='ltr'><strong>cito</strong></span> <span class='ocrx_word' id='word_1_254' title='bbox 528 3898 691 3952; x_wconf 83' lang='lat' dir='ltr'><strong>cresceres,</strong></span> <span class='ocrx_word' id='word_1_255' title='bbox 718 3881 822 3939; x_wconf 86' lang='lat' dir='ltr'><strong>toturn</strong></span> <span class='ocrx_word' id='word_1_256' title='bbox 846 3876 1026 3940; x_wconf 86' lang='lat' dir='ltr'><strong>altitudinis</strong></span> <span class='ocrx_word' id='word_1_257' title='bbox 1049 3877 1193 3961; x_wconf 86' lang='lat' dir='ltr'><strong>nihilque</strong></span> <span class='ocrx_word' id='word_1_258' title='bbox 1215 3877 1432 3962; x_wconf 86' lang='lat' dir='ltr'><strong>profunditati</strong></span> 
     </span>
     <span class='ocr_line' id='line_1_33' title="bbox 279 3979 1431 4067; baseline -0.001 -19"><span class='ocrx_word' id='word_1_259' title='bbox 279 3983 402 4061; x_wconf 88' lang='lat' dir='ltr'><strong>dedisti,</strong></span> <span class='ocrx_word' id='word_1_260' title='bbox 427 3983 510 4065; x_wconf 92' lang='lat' dir='ltr'><strong>quod</strong></span> <span class='ocrx_word' id='word_1_261' title='bbox 533 3982 619 4045; x_wconf 89' lang='lat' dir='ltr'><strong>intus</strong></span> <span class='ocrx_word' id='word_1_262' title='bbox 641 4002 673 4043; x_wconf 90' lang='lat' dir='ltr'><strong>es</strong></span> <span class='ocrx_word' id='word_1_263' title='bbox 693 4002 789 4045; x_wconf 88' lang='lat' dir='ltr'><strong>vacua</strong></span> <span class='ocrx_word' id='word_1_264' title='bbox 811 3984 842 4044; x_wconf 85' lang='lat' dir='ltr'><strong>et</strong></span> <span class='ocrx_word' id='word_1_265' title='bbox 857 3979 936 4044; x_wconf 85' lang='lat' dir='ltr'><strong>foris</strong></span> <span class='ocrx_word' id='word_1_266' title='bbox 954 3981 1101 4045; x_wconf 87' lang='lat' dir='ltr'><strong>tumescis</strong></span> <span class='ocrx_word' id='word_1_267' title='bbox 1116 3982 1337 4050; x_wconf 69' lang='lat' dir='ltr'><strong>infructuosa?</strong></span> <span class='ocrx_word' id='word_1_268' title='bbox 1360 3981 1431 4067; x_wconf 81' lang='lat' dir='ltr'><strong>Ego</strong></span> 
     </span>
     <span class='ocr_line' id='line_1_34' title="bbox 278 4085 1432 4173; baseline 0.001 -22"><span class='ocrx_word' id='word_1_269' title='bbox 278 4110 352 4153; x_wconf 88' lang='lat' dir='ltr'><strong>vero</strong></span> <span class='ocrx_word' id='word_1_270' title='bbox 376 4087 550 4152; x_wconf 90' lang='lat' dir='ltr'><strong>humilitati</strong></span> <span class='ocrx_word' id='word_1_271' title='bbox 574 4091 679 4151; x_wconf 86' lang='lat' dir='ltr'><strong>totum</strong></span> <span class='ocrx_word' id='word_1_272' title='bbox 701 4085 886 4168; x_wconf 87' lang='lat' dir='ltr'><strong>impendens</strong></span> <span class='ocrx_word' id='word_1_273' title='bbox 902 4085 977 4151; x_wconf 88' lang='lat' dir='ltr'><strong>hinc</strong></span> <span class='ocrx_word' id='word_1_274' title='bbox 990 4087 1128 4152; x_wconf 88' lang='lat' dir='ltr'><strong>medulla</strong></span> <span class='ocrx_word' id='word_1_275' title='bbox 1143 4089 1319 4155; x_wconf 84' lang='lat' dir='ltr'><strong>dulcedinis</strong></span> <span class='ocrx_word' id='word_1_276' title='bbox 1334 4088 1432 4173; x_wconf 88' lang='lat' dir='ltr'><strong>plena</strong></span> 
     </span>
     <span class='ocr_line' id='line_1_35' title="bbox 278 4191 1429 4258; baseline -0.002 0"><span class='ocrx_word' id='word_1_277' title='bbox 278 4215 349 4258; x_wconf 92' lang='lat' dir='ltr'><strong>sum</strong></span> <span class='ocrx_word' id='word_1_278' title='bbox 380 4216 415 4258; x_wconf 87' lang='lat' dir='ltr'><strong>ae</strong></span> <span class='ocrx_word' id='word_1_279' title='bbox 444 4194 610 4258; x_wconf 87' lang='lat' dir='ltr'><strong>suavitatis</strong></span> <span class='ocrx_word' id='word_1_280' title='bbox 637 4196 706 4256; x_wconf 90' lang='lat' dir='ltr'><strong>tota</strong></span> <span class='ocrx_word' id='word_1_281' title='bbox 729 4215 798 4256; x_wconf 90' lang='lat' dir='ltr'><strong>sum</strong></span> <span class='ocrx_word' id='word_1_282' title='bbox 822 4192 954 4258; x_wconf 88' lang='lat' dir='ltr'><strong>fructus.</strong></span> <span class='ocrx_word' id='word_1_283' title='bbox 1000 4191 1162 4256; x_wconf 90' lang='lat' dir='ltr'><strong>Nimirum</strong></span> <span class='ocrx_word' id='word_1_284' title='bbox 1193 4193 1344 4258; x_wconf 89' lang='lat' dir='ltr'><strong>sublimes</strong></span> <span class='ocrx_word' id='word_1_285' title='bbox 1376 4214 1429 4256; x_wconf 91' lang='lat' dir='ltr'><strong>ar·</strong></span> 
     </span>
     <span class='ocr_line' id='line_1_36' title="bbox 240 4297 1430 4382; baseline -0.001 -19"><span class='ocrx_word' id='word_1_286' title='bbox 240 4317 264 4356; x_wconf 73' lang='lat'><strong>³⁶</strong></span> <span class='ocrx_word' id='word_1_287' title='bbox 279 4299 370 4363; x_wconf 91' lang='lat' dir='ltr'><strong>bores</strong></span> <span class='ocrx_word' id='word_1_288' title='bbox 393 4299 627 4382; x_wconf 90' lang='lat' dir='ltr'><strong>utplurimum</strong></span> <span class='ocrx_word' id='word_1_289' title='bbox 649 4298 855 4363; x_wconf 78' lang='lat' dir='ltr'><strong>infructuosae</strong></span> <span class='ocrx_word' id='word_1_290' title='bbox 878 4303 1051 4364; x_wconf 89' lang='lat' dir='ltr'><strong>cernuntur</strong></span> <span class='ocrx_word' id='word_1_291' title='bbox 1085 4302 1118 4364; x_wconf 92' lang='lat' dir='ltr'><strong>et</strong></span> <span class='ocrx_word' id='word_1_292' title='bbox 1140 4297 1273 4364; x_wconf 89' lang='lat' dir='ltr'><strong>herbula</strong></span> <span class='ocrx_word' id='word_1_293' title='bbox 1300 4319 1430 4382; x_wconf 88' lang='lat' dir='ltr'><strong>serpens</strong></span> 
     </span>
     <span class='ocr_line' id='line_1_37' title="bbox 277 4401 1432 4489; baseline 0 -21"><span class='ocrx_word' id='word_1_294' title='bbox 277 4405 410 4489; x_wconf 90' lang='lat' dir='ltr'><strong>peponis</strong></span> <span class='ocrx_word' id='word_1_295' title='bbox 441 4404 475 4467; x_wconf 91' lang='lat' dir='ltr'><strong>in</strong></span> <span class='ocrx_word' id='word_1_296' title='bbox 505 4403 721 4489; x_wconf 86' lang='lat' dir='ltr'><strong>granditatem</strong></span> <span class='ocrx_word' id='word_1_297' title='bbox 751 4403 959 4489; x_wconf 87' lang='lat' dir='ltr'><strong>germinatur.</strong></span> <span class='ocrx_word' id='word_1_298' title='bbox 1014 4401 1142 4470; x_wconf 85' lang='lat' dir='ltr'><strong>Gallina</strong></span> <span class='ocrx_word' id='word_1_299' title='bbox 1172 4405 1306 4488; x_wconf 82' lang='lat' dir='ltr'><strong>parvula</strong></span> <span class='ocrx_word' id='word_1_300' title='bbox 1337 4405 1432 4468; x_wconf 90' lang='lat' dir='ltr'><strong>omni</strong></span> 
     </span>
    </p>
   </div>
   <div class='ocr_carea' id='block_1_6' title="bbox 0 0 1590 4958">
    <p class='ocr_par' dir='ltr' id='par_1_8' title="bbox 0 0 1590 4958">
     <span class='ocr_line' id='line_1_38' title="bbox 0 0 1590 4958; baseline 0 0"><span class='ocrx_word' id='word_1_301' title='bbox 0 0 1590 4958; x_wconf 95' lang='lat' dir='ltr'><strong> </strong></span> 
     </span>
    </p>
   </div>
  </div>
 </body>
</html>
