3172 4962
815 325 877 388 190

270 497 375 576 miser,
399 498 523 584 ingredi
546 497 580 562 in
602 498 744 581 requiem
767 497 894 562 meam?
918 495 1052 560 cumeis
1075 495 1241 580 despectus
1264 499 1297 559 11
1319 495 1422 580 niger,

271 626 335 671 111
360 627 392 668 es
415 605 564 668 confusus
587 603 706 670 foedare
728 624 842 686 aquam
864 602 999 666 lucidam
1021 605 1054 665 et
1077 601 1281 685 praeclaram?
1304 599 1425 666 Cancer

271 712 386 786 autem,
411 715 447 773 nt
461 708 548 784 facit,
572 711 657 772 retro
673 729 705 772 11
721 708 847 772 trahere
863 706 959 791 oepit
974 706 1097 771 dicens:
1121 706 1200 782 noli,
1223 727 1322 786 soror,
1346 707 1426 770 talia

270 814 390 891 dicere,
418 813 494 895 quia
516 833 623 896 pacem
647 817 679 876 et
701 833 841 876 amorem
863 811 956 895 cupio
979 815 1083 876 tecum
1105 809 1232 888 habere,
1257 811 1326 875 noli
1349 833 1425 896 ergo

244 919 395 1003 ringredi
418 941 513 1003 super
535 939 593 982 me.
640 917 731 982 Rana
761 939 886 1003 quoque
907 918 1037 981 intuens
1060 938 1131 981 1111
1153 917 1296 994 retroire,
1321 917 1422 981 credi-

271 1025 334 1102 dit,
371 1024 454 1108 quod
494 1031 624 1108 propter
655 1023 801 1087 timorem
832 1021 919 1086 illius
950 1022 1009 1086 boc
1048 1027 1171 1108 egeret,
1209 1022 1293 1086 unde
1320 1022 1424 1108 magis

271 1128 367 1212 coepit
389 1150 461 1192 eum
484 1126 588 1191 verbis
611 1132 642 1192 et
665 1126 787 1191 actibus
812 1126 988 1205 molestare,
1016 1127 1141 1190 dicens:
1172 1126 1240 1191 noli
1264 1126 1425 1191 retrahere

270 1237 313 1312 te,
337 1233 529 1317 turpissime,
553 1231 629 1314 quia
651 1230 780 1296 evadere
802 1253 866 1295 non
892 1234 989 1314 potes,
1014 1229 1107 1294 hodie
1129 1253 1240 1296 carnes
1262 1235 1334 1296 tuas
1357 1233 1423 1315 pis·

272 1339 361 1404 cibus
384 1337 473 1402 dabo.
520 1336 561 1401 Et
584 1336 643 1401 hoc
666 1337 771 1401 diesne
787 1336 904 1400 saltum
930 1335 1016 1400 dedit
1032 1336 1139 1400 volens
1157 1337 1260 1420 ipsum
1276 1341 1423 1402 mactare.

233 1440 519 1508 11011111111111
544 1443 668 1520 videns,
698 1443 781 1525 quod
804 1441 933 1506 evadere
958 1463 1021 1505 111
1045 1445 1166 1526 posset,
1201 1463 1234 1506 se
1265 1443 1425 1506 conuertit

272 1552 305 1614 et
327 1569 437 1612 ranam
460 1569 532 1612 cum
547 1547 651 1632 grillis
669 1546 840 1610 momordit
861 1551 893 1610 et
913 1544 1080 1610 dilaniavit
1100 1545 1226 1612 dicens:
1251 1545 1426 1611 111111101-

271 1653 349 1718 titer
373 1650 504 1728 bellare,
539 1651 595 1735 qui
625 1673 688 1714 non
714 1655 818 1734 potest
840 1651 968 1714 evitare.
1018 1649 1067 1715 lta
1095 1650 1231 1735 quilibet
1253 1671 1312 1736 pro
1336 1673 1426 1734 posse

273 1779 330 1822 suo
353 1756 446 1821 debet
469 1753 579 1841 fugere
602 1754 721 1820 bellum
744 1758 777 1819 et
793 1755 1010 1840 quaestionem.
1059 1754 1119 1819 Sed
1136 1755 1163 1818 si
1179 1755 1310 1820 omnino
1326 1755 1427 1819 vitare

274 1884 338 1927 101
363 1866 477 1947 potest,
501 1865 671 1943 antequam
696 1859 1267 1942 1111111111111111111111111111,
1295 1880 1353 1943 pro
1377 1861 1427 1924 vi·

235 1983 261 2022 11
275 1965 364 2031 ribus
387 1971 509 2050 pugnet
539 1971 649 2030 contra
677 1965 925 2051 impugnatores.
973 1965 1001 2030 A
1034 1965 1150 2031 talibus
1181 1967 1267 2031 enim
1297 1967 1429 2050 petebat

273 2069 439 2154 psalmista
462 2069 541 2154 eripi
564 2073 596 2134 ct
618 2069 748 2134 liberari
771 2071 876 2134 dicens
893 2069 942 2134 Ρ1.
960 2067 1103 2136 LVIII⁰:
1126 2071 1165 2135 ab
1183 2071 1426 2157 insurgentibus

276 2175 310 2240 in
334 2195 384 2239 me
407 2174 507 2239 libera
529 2197 588 2252 me,
613 2174 746 2239 domine.
793 2174 836 2240 llt
857 2178 929 2258 post
944 2175 1056 2240 orabat
1070 2174 1149 2240 tales
1165 2175 1262 2240 deleri
1279 2176 1428 2260 inquiens

274 2279 325 2347 Ρ1.
342 2277 499 2345 LXVII⁰:
524 2279 641 2363 dissipa
658 2284 778 2363 gentes,
802 2301 872 2363 quse
887 2279 970 2343 bella
985 2281 1106 2358 volunt,
1130 2280 1293 2344 nonenim
1308 2281 1428 2345 solum-

275 2387 368 2452 modo
392 2405 449 2468 pro
472 2383 563 2448 nobis
586 2405 729 2468 pugnare
752 2384 918 2463 debemus,
948 2385 1001 2448 sed
1034 2406 1091 2468 pro
1123 2390 1291 2470 parentum
1319 2385 1427 2450 defen-

237 2491 365 2558 rosione
388 2493 420 2554 et
442 2511 499 2574 pro
523 2488 685 2572 republica
707 2489 866 2553 11111111.
905 2488 1005 2554 Prout
1028 2491 1119 2573 ponit
1142 2489 1289 2555 Valerius
1313 2489 1359 2554 Li.
1386 2489 1425 2554 V.

276 2616 342 2679 cap.
369 2593 449 2672 llll,
480 2595 581 2678 quod,
614 2615 684 2658 cum
709 2591 824 2658 Darius
847 2616 902 2658 rex
931 2594 1010 2658 fines
1032 2593 1222 2679 Scytharum
1245 2595 1426 2673 invasisset,

275 2701 432 2765 miserunt
455 2700 482 2763 ei
506 2699 647 2784 Scythae,
680 2698 764 2781 quod
790 2699 1067 2783 depopulationem
1089 2720 1238 2785 agrorum
1261 2705 1294 2764 et
1317 2701 1425 2764 vinea·

276 2825 346 2868 rum
369 2803 590 2888 aequanimiter
617 2802 810 2881 tolerarent,
841 2804 895 2866 sed
919 2803 945 2866 si
967 2803 1135 2886 sepulchra
1157 2807 1327 2888 parentum
1350 2807 1424 2868 tan-

276 2913 384 2995 geret,
415 2911 492 2972 tunc
513 2906 688 2990 potentiam
712 2905 903 2990 Scytharum
925 2913 957 2971 11
980 2908 1061 2972 vires
1088 2909 1238 2986 sentiret,
1271 2910 1346 2992 quia
1368 2931 1427 2993 pro

236 3030 262 3069 rc
276 3033 383 3078 eorum
407 3011 586 3076 defensione
609 3011 689 3075 mori
713 3015 789 3075 sunt
811 3013 915 3095 parati
945 3017 977 3077 et
1001 3034 1058 3097 pro
1080 3014 1243 3097 republica
1265 3016 1426 3080 salvanda.

276 3118 316 3182 In
339 3120 464 3182 tantum
487 3120 633 3200 parentes
657 3121 689 3180 et
712 3117 847 3199 patriam
880 3117 980 3182 zelare
1013 3119 1180 3197 debemus,
1214 3120 1298 3203 quod
1329 3121 1427 3184 morti

227 3215 232 3226 ’
276 3245 334 3288 111
357 3243 511 3308 exponere
533 3223 629 3286 decet.
677 3221 768 3286 Unde
790 3221 887 3285 refert
921 3221 1065 3286 Valerius
1093 3222 1129 3286 L.
1162 3221 1199 3289 V.
1233 3245 1302 3308 cap.
1334 3221 1427 3301 vlu,

277 3327 455 3414 quodcum
478 3325 612 3401 Cadme,
641 3346 696 3388 rex
721 3323 981 3403 Atheniensium,
1016 3326 1057 3389 ab
1080 3327 1224 3391 hostibus
1248 3333 1425 3412 urgeretur,

278 3435 361 3517 cepit
383 3433 424 3497 ab
447 3431 598 3515 Apolline
623 3451 826 3514 responsum,
859 3430 942 3514 quod
975 3431 1130 3495 exercitus
1163 3454 1237 3495 suus
1259 3432 1424 3496 victoriam

238 3556 263 3594 ⁸⁰
277 3537 446 3614 obtineret,
470 3536 496 3600 si
519 3537 559 3599 ab
584 3533 726 3598 hostibus
749 3535 814 3598 suis
837 3557 870 3598 se
892 3536 991 3599 occidi
1016 3538 1224 3619 permitteret.
1271 3535 1361 3612 Quod
1378 3559 1428 3601 re-

277 3664 428 3726 sponsum
451 3663 522 3705 cum
545 3640 640 3704 etiam
657 3638 800 3703 hostibus
816 3639 1020 3716 innotuisset,
1046 3645 1273 3724 praeceperunt,
1298 3643 1428 3726 nequis

278 3747 414 3813 codrum
438 3749 593 3830 tangeret.
639 3744 729 3808 'lunc
763 3744 817 3808 ille
849 3749 972 3809 mutato
1003 3744 1113 3809 habitu
1147 3745 1187 3810 ad
1219 3746 1323 3810 hostes
1354 3767 1454 3830 pro<

278 3851 371 3918 cessit
392 3849 613 3934 et'quemdam
635 3849 681 3913 ibi
703 3849 836 3912 militem
867 3848 948 3914 falce
971 3849 1145 3933 percussit,
1178 3850 1233 3935 qui
1264 3871 1430 3933 percussus

279 3977 351 4022 mor
375 3957 408 4019 in
431 3977 501 4018 enm
525 3954 620 4017 irruit
643 3958 675 4018 et
698 3953 849 4017 continuo
872 3954 995 4018 occidit.
1043 3953 1179 4038 Cognito
1202 3975 1277 4018 vero
1298 3975 1431 4038 corpore

240 4060 373 4127 1100111
405 4061 556 4123 continuo
590 4058 695 4122 hostes
728 4057 849 4122 oraculi
877 4079 1029 4122 memores
1058 4058 1212 4144 fugerunt
1241 4061 1349 4124 omnia
1379 4080 1430 4123 re·

280 4166 473 4249 linquentes.

467 4336 522 4403 De
544 4337 760 4421 piscatore
784 4341 820 4405 et
843 4337 1070 4422 pisciculo,
1094 4337 1167 4406 dial.
1192 4343 1244 4403 48.
