3074 4966
785 285 852 362 114

340 477 440 567 Here,
457 483 507 547 hia
523 483 682 570 bringenn
698 486 756 548 wir
771 483 857 549 denn
873 484 1016 569 knechtt,

341 589 437 653 Denn
454 588 516 655 solt
527 589 561 675 jr
576 587 737 655 besebenn
754 590 867 657 reohtt.
900 591 995 680 [rob]

342 693 399 758 Ala
415 696 472 759 wir
489 718 551 760 ann
567 696 670 760 seiner
685 695 783 761 redde
798 707 960 782 voratam,

231 810 299 860 2550
342 799 386 865 So
403 812 570 888 vermeynt
586 825 621 867 er
637 801 720 868 denn
738 801 889 868 Philister
904 825 962 868 zcu
979 802 1121 886 sehlanu,

341 907 411 972 Der
427 929 554 994 gegenn
572 931 653 973 vnns
670 919 747 974 stett
763 909 812 974 vff
824 909 895 974 dem
914 910 1002 998 berg.

340 1012 411 1077 Der
422 1012 468 1099 jst
484 1035 613 1101 gegenn
625 1014 675 1100 jm
692 1014 738 1080 als
754 1014 826 1080 einn
844 1015 1025 1102 geawerok.

342 1117 422 1183 Will
439 1142 472 1183 er
487 1143 529 1207 ye
546 1119 629 1185 dann
645 1124 693 1186 nit
708 1120 838 1204 ablonn,

231 1279 238 1298 ,
341 1223 385 1290 So
401 1222 478 1311 layb
490 1225 550 1311 jnn
567 1227 619 1292 fur
636 1250 717 1292 vnns
728 1228 789 1314 jnn
806 1226 868 1322 den
884 1236 985 1314 streyt
1000 1250 1096 1315 genn.

304 1356 413 1413 Duum
429 1357 555 1426 sptium
570 1357 624 1413 dar
638 1359 683 1413 vff
694 1357 791 1432 gleIeh
808 1375 887 1414 neum
903 1357 1010 1432 konig:
1037 1349 1048 1380 ⁶

343 1468 498 1536 CCXIII.
525 1471 601 1537 Non
619 1471 766 1538 concidat
786 1494 840 1537 eor
864 1474 1074 1559 cuiusquam·
1090 1475 1123 1536 in
1140 1494 1191 1536 eo:
1217 1495 1278 1560 ego
1288 1495 1408 1538 seruus

231 1586 304 1640 tuus
321 1576 435 1641 vadam
452 1587 485 1642 et
500 1579 676 1664 pugnabob
692 1577 857 1665 [adversus
874 1577 1102 1643 Philisthaeum.
1131 1581 1158 1644 1.
1175 1602 1244 1667 reg.
1265 1579 1315 1662 17,
1332 1579 1406 1667 32]

228 1709 300 1758 ,2555
341 1696 365 1765 J
367 1721 396 1781 o,
413 1699 498 1784 here,
515 1700 565 1764 ioh
583 1723 640 1786 sag
656 1724 688 1766 es
704 1700 824 1766 sunder
839 1699 978 1783 acheron,

342 1803 478 1870 Widder
489 1805 550 1892 jun
566 1805 622 1872 sall
639 1806 760 1872 fallenu
776 1808 899 1894 keynes
915 1827 1046 1871 mannes
1063 1804 1168 1870 heron.

343 1910 399 1976 Ich
415 1911 470 1975 bin
487 1912 575 1976 einer
590 1934 675 1977 vonn
693 1911 807 1977 deinen
824 1912 1001 1977 knechtten
1034 1977 1038 1996 ,

342 2015 439 2080 Vnnd
456 2016 520 2082 will
536 2039 621 2082 vonn
638 2017 749 2083 stundt
764 2041 806 2083 an
822 2019 909 2105 ghen
925 2041 984 2083 zcu
1001 2018 1160 2084 fechtteu:

344 2119 440 2186 Denn
458 2122 606 2187 Philister
624 2124 686 2188 will
698 2123 754 2210 joh
772 2124 906 2212 slagenn
925 2124 1016 2209 doitt,

233 2239 301 2290 2560
344 2227 474 2292 Darvor
489 2229 574 2293 hann
585 2228 642 2315 joh
658 2254 717 2296 acu
732 2230 809 2295 moll
826 2231 901 2296 kein
916 2232 1009 2296 noitt.

306 2360 379 2416 DER
390 2372 495 2417 Romu
504 2363 654 2416 anbworbb:

346 2472 496 2540 CCXIV.
539 2474 614 2540 Non
631 2475 718 2540 vales
733 2477 881 2540 resistere
902 2473 1056 2540 Philisteo
1072 2472 1133 2556 isti,
1158 2495 1216 2538 neo
1232 2494 1404 2558 pungnare

236 2581 384 2646 aduersus
408 2603 490 2664 aum,
515 2581 605 2668 [quia
628 2602 706 2667 puer
731 2604 773 2665 es,
798 2580 850 2645 hie
865 2591 970 2646 autem
987 2581 1036 2644 vir
1051 2579 1188 2644 bellator
1204 2589 1251 2642 est
1267 2579 1307 2642 ab
1324 2577 1402 2641 ado-

236 2688 385 2751 lescentia
401 2709 466 2750 sua.
503 2688 530 2751 1.
547 2709 615 2774 reg.
637 2686 688 2769 17,
706 2686 774 2775 33]

347 2808 404 2873 Ioh
421 2831 541 2895 sagenn
558 2809 606 2873 dir
621 2807 740 2873 sunder
755 2831 857 2892 warin,

348 2915 402 2978 Du
418 2925 522 3002 magst
537 2913 622 2979 denn
637 2914 788 2981 Philister
802 2916 851 2979 nit
865 2913 965 2980 wider
979 2924 1057 2989 stan,

348 3021 439 3085 Auoh
457 3033 582 3108 magstu
597 3021 644 3085 nit
658 3019 851 3086 volnfdrenu
868 3019 930 3085 den
947 3028 1072 3107 sbreytt,

348 3125 458 3192 Wann
475 3127 516 3191 dn
532 3127 597 3192 bist
612 3126 684 3191 einn
700 3125 793 3191 kindt
807 3149 866 3191 nou
882 3126 1002 3192 diessar
1017 3132 1115 3214 aeytt,

238 3243 307 3295 Ι5555
349 3233 438 3298 Aber
455 3255 490 3297 er
500 3233 547 3319 jst
563 3232 635 3296 einn
651 3231 910 3322 streytparlioher
925 3253 1020 3296 mann

348 3337 445 3403 Vnnd
461 3337 544 3403 hoitt
558 3360 592 3403 es
608 3359 692 3402 voun
703 3338 857 3426 jugenntt
873 3337 995 3404 trieben
1011 3359 1061 3402 an.

312 3471 420 3527 Duum
437 3471 586 3525 anbuortt:

350 3582 482 3650 CCXV.
527 3583 687 3648 Pasoebat
717 3604 828 3648 seruus
852 3592 925 3647 tuus
956 3579 1043 3670 [Ila]
1071 3579 1169 3668 patris
1193 3579 1242 3666 suj
1267 3600 1402 3666 gregem

239 3701 271 3754 et
283 3688 356 3753 veni
371 3688 517 3753 ebantleo
529 3699 580 3753 et⁰
596 3711 688 3753 vrsus
704 3686 748 3777 [et
763 3688 895 3752 tollebat
910 3689 1042 3752 arietem
1057 3684 1096 3750 de
1112 3686 1217 3752 medio
1232 3687 1351 3774 gregis,
1369 3696 1402 3750 et

152 3815 161 3830 ⁸
240 3795 452 3883 persequebar
469 3817 522 3859 eos
538 3805 569 3860 et
583 3794 798 3881 percutiebam
815 3793 1029 3879 eruebamque
1044 3791 1082 3856 de
1099 3813 1153 3856 ore
1169 3812 1290 3874 eorum,
1307 3802 1339 3855 et
1356 3791 1400 3855 iIIi
1525 3839 1526 3844 η

239 3901 472 3988 consurgebant
497 3900 664 3966 adversum
687 3922 738 3964 me
761 3911 793 3965 et
814 3898 1094 3987 apprehendebam
1118 3908 1261 3988 menturp
1287 3918 1397 3962 eorum

240 4020 271 4074 et
292 4007 486 4073 suffocabam
508 4006 801 4096 interficiebamque
824 4027 888 4070 eos.
927 4003 1011 4069 Nam
1034 4012 1066 4068 et
1090 4004 1213 4067 leonem
1236 4013 1268 4068 et
1290 4025 1398 4067 ursum

239 4115 382 4178 interfeci
398 4135 459 4200 ego
475 4136 583 4178 servus
603 4123 690 4179 tuus:
707 4113 766 4180 orit
780 4115 879 4201 igitur
894 4123 926 4176 et
940 4109 1141 4177 Philisthaeus
1156 4107 1207 4174 bio
1234 4109 1398 4174 inuironm·

240 4223 331 4304 risus,
356 4219 443 4308 qnasi
467 4243 547 4285 nnus
569 4243 609 4285 ex
633 4219 686 4286 eis.
725 4219 820 4285 Nune
844 4219 959 4284 vadam
983 4227 1015 4282 et
1031 4215 1175 4281 auferam
1192 4215 1396 4302 opprobriam

312 4425 459 4480 se9qunm
479 4415 519 4466 hu.
608 4345 862 4481 bpungnandoba.
936 4427 951 4462 o
969 4411 1003 4478 et]
1023 4409 1064 4462 vel
1087 4416 1098 4461 l
1120 4427 1173 4479 reg.
1195 4415 1235 4474 17,
1256 4411 1297 4460 34.
