3172 4962
703 309 765 372 165

163 485 273 568 coptus
296 486 365 548 eret
386 484 445 549 leo.
491 480 550 548 sed
574 486 690 550 natura
725 483 810 548 mala
839 503 905 548 non
935 485 1077 549 mutatu
1110 484 1144 549 in
1175 482 1313 550 dominis

162 610 219 674 per
239 587 402 666 beneficia,
426 586 490 654 imo
512 589 674 676 pejoratur
695 592 728 654 et
749 587 783 653 in
799 610 856 653 sua
871 591 985 654 natura
999 593 1174 673 permanet.
1220 589 1313 655 Unde

163 693 291 771 dieitur,
308 692 391 776 quod
404 692 531 777 quidam
540 694 665 777 juvenis
683 693 846 759 inveniens
858 698 1033 778 serpentem
1044 693 1165 780 frigore
1180 697 1313 780 torpen-

165 801 230 863 tem
255 797 403 862 misertus
427 799 493 881 ejus
516 799 624 881 posuit
646 797 739 862 illum
762 798 795 863 in
819 797 892 863 sinn
914 820 981 876 suo,
1008 799 1060 864 sed
1084 820 1156 864 cum
1178 821 1308 885 serpens

137 903 335 969 raalefaetus
367 907 432 982 est,
462 903 634 969 momordit
664 925 735 968 eum
765 907 798 969 et
827 903 950 975 occidit.
1001 902 1048 969 lla
1076 909 1207 990 propter
1235 903 1327 970 dicit.

164 1008 297 1074 Seneca:
321 1029 450 1092 serpens
472 1009 506 1072 in
529 1007 642 1093 hyeme
664 1029 730 1072 nen
752 1011 822 1073 tute
843 1009 1003 1093 palpatur,
1027 1007 1181 1093 quianon
1197 1008 1315 1074 desinit

163 1134 284 1180 venena
306 1113 492 1192 diffundere,
514 1113 591 1178 licet
612 1115 748 1197 torpeat.
772 1157 774 1162 -

395 1285 451 1352 De
472 1287 712 1353 rosmarino
734 1289 774 1352 et
795 1309 918 1372 agro,
942 1286 1016 1355 dial.
1042 1291 1093 1352 25.

252 1429 470 1509 Rosmarinus,
493 1433 531 1494 ut
553 1430 672 1516 legitur
695 1430 734 1495 de
753 1429 928 1496 virtutibus
951 1429 1132 1507 herbarum,
1154 1427 1239 1493 inter
1254 1448 1314 1493 aas·

125 1541 249 1602 10teras
263 1536 398 1600 virtutes
421 1535 503 1599 hanc
524 1537 673 1621 possidet,
698 1536 790 1621 quod,
814 1537 842 1600 si
865 1536 899 1600 in
923 1537 1015 1602 vinea
1037 1539 1093 1600 tua
1115 1533 1165 1599 rel
1188 1533 1221 1598 in
1237 1554 1315 1619 agro

165 1645 221 1708 tuo
245 1639 440 1726 plantaveris
463 1639 568 1725 ipsum
597 1644 629 1705 et
659 1641 776 1705 munde
798 1662 835 1705 aa
863 1640 1095 1706 honorabiliter
1117 1637 1315 1716 custodieris,

164 1746 264 1810 vineae
286 1745 470 1830 gaudebuut
493 1748 525 1808 et
544 1765 660 1809 messes
675 1745 850 1830 producent
865 1745 1070 1810 incrementa.
1117 1743 1316 1828 Quapropter

166 1851 294 1935 quidem
317 1873 392 1936 ager
415 1851 608 1916 diversarum
633 1849 801 1916 herbarum
824 1850 1041 1916 infructuosus
1063 1854 1096 1915 et
1111 1848 1230 1914 sterilis
1242 1869 1315 1930 per-

165 1976 316 2034 monens,
339 1960 377 2020 ut
398 1955 521 2020 fructus
542 1955 670 2020 reddere
692 1960 815 2039 posset,
847 1956 886 2020 ad
916 1956 1128 2021 rosmarinum
1151 1953 1316 2018 humiliter

127 2075 152 2114 ¹⁶
166 2081 204 2127 ao
225 2059 336 2125 devote
358 2059 511 2145 prooessit
532 2081 569 2125 ac
590 2059 686 2124 dixit:
715 2080 734 2123 ο
756 2063 865 2144 paster
895 2061 1022 2146 egregie
1044 2063 1078 2125 et
1100 2060 1182 2125 bone
1210 2061 1315 2122 eustos

167 2165 317 2231 descende
340 2165 379 2229 ad
401 2169 506 2230 meet
528 2168 659 2250 protege
682 2187 750 2242 me,
785 2164 860 2248 quic
886 2167 920 2228 te
942 2166 1059 2230 munde
1080 2185 1117 2230 ac
1138 2162 1311 2230 honorabi-

166 2271 241 2337 liter
263 2270 422 2336 colloeabo
445 2271 568 2355 tibique
589 2269 741 2347 serviam,
772 2269 993 2336 tantummodo
1023 2269 1095 2335 sede
1124 2273 1158 2334 et
1188 2269 1313 2354 quiesce

166 2376 201 2441 in
228 2397 297 2454 me,
329 2379 367 2440 ut
396 2397 453 2459 per
483 2380 517 2441 te
547 2376 686 2440 fructum
716 2376 791 2440 boni
821 2377 947 2462 generis
978 2376 1149 2460 producere
1180 2375 1312 2440 valeam.

166 2480 375 2556 Rosmarinus
405 2485 512 2545 cutem
542 2486 647 2546 motus
677 2480 797 2565 pietate
832 2501 869 2544 ec
901 2481 1004 2545 victua
1034 2479 1180 2564 precibus
1214 2480 1315 2564 ipsius

126 2600 152 2639 2⁰
166 2608 238 2652 cum
261 2607 297 2650 eo
318 2585 378 2650 ivit
400 2607 436 2650 ac
458 2585 492 2648 in
514 2585 617 2650 medio
639 2605 672 2648 sa
694 2567 801 2668 posuit
823 2605 919 2670 agro,
948 2605 1011 2669 quo
1033 2589 1163 2670 regente
1186 2587 1219 2649 et
1240 2604 1314 2668 pro·

168 2694 298 2758 curante
320 2713 395 2777 ager
418 2689 615 2755 confortatus
637 2694 670 2756 et
687 2688 797 2754 viridis
813 2688 917 2754 factus
929 2688 1068 2754 fructum
1084 2691 1316 2774 sexagesimum

168 2819 206 2863 ac
229 2795 435 2862 centesimum
456 2795 577 2874 attulit,
601 2795 635 2859 in
657 2795 813 2879 patientia
835 2795 960 2860 dicens:
984 2799 1114 2878 propter
1136 2816 1236 2860 unum
1258 2795 1316 2860 bo-

167 2925 245 2967 num
269 2901 362 2966 multi
386 2903 462 2965 sunt
474 2900 610 2985 protecti
632 2905 665 2965 ct
680 2899 826 2965 consulti.
872 2899 942 2964 Hoc
956 2919 1050 2985 agere
1065 2899 1157 2964 debet
1170 2903 1317 2985 populus,

168 3029 239 3073 cum
263 3028 328 3071 non
350 3006 448 3072 habet
463 3010 627 3084 rectorem,
652 3005 769 3091 eligere
784 3004 878 3070 debet
893 3025 990 3069 unum
1013 3004 1167 3087 probum,
1195 3009 1316 3070 rectum

128 3125 154 3165 ²⁶
168 3117 201 3177 et
223 3111 415 3198 sapientem,
449 3113 504 3197 qui
534 3111 688 3197 populum
718 3110 875 3196 gubernet
906 3113 940 3174 et
967 3111 1117 3194 protegat
1148 3111 1315 3194 sapienter.

167 3219 250 3284 Vere
282 3218 367 3282 enim
399 3239 454 3282 rex
484 3217 609 3301 sapiens
641 3216 753 3301 populi
783 3220 831 3280 est
853 3214 1121 3293 stabilimentum,
1145 3214 1217 3299 Sap.
1242 3215 1315 3285 V10.

167 3323 210 3388 Et
232 3323 369 3388 ibidem:
393 3323 421 3386 si
444 3321 644 3388 delectamini
667 3321 701 3385 in
724 3321 860 3399 sedibus,
883 3343 902 3385 o
924 3340 1013 3404 reges
1037 3319 1166 3404 populi,
1190 3320 1315 3406 diligite

168 3427 377 3512 sapientiam:
402 3427 526 3512 diligite
548 3427 655 3491 lumen
678 3427 852 3511 sapientiae,
876 3447 932 3490 vos
947 3425 1002 3508 qui
1018 3423 1161 3508 praeestis
1177 3424 1311 3509 populis.

169 3532 212 3597 Et
234 3531 372 3600 liedes:
391 3533 488 3618 judex
511 3533 636 3617 sapiens
655 3531 813 3618 judicabit
835 3529 989 3616 populum
999 3550 1100 3607 snum,
1115 3528 1314 3613 principatus

128 3651 155 3688 ³⁰
169 3637 339 3700 sensatus¹
363 3637 488 3703 stabilis
511 3638 581 3703 erit
628 3638 732 3704 Idem:
765 3659 821 3702 rex
852 3635 1006 3722 insipiens
1029 3634 1141 3719 perdet
1161 3634 1316 3720 populum

169 3762 262 3807 suum
296 3745 328 3807 et
360 3741 506 3807 civitates
541 3742 810 3808 inhabitabuntur
845 3765 901 3827 per
939 3761 1066 3806 sensum
1100 3739 1317 3823 prudentium.

167 3845 260 3912 Unde
283 3844 431 3912 Salomon
454 3847 549 3932 petiit
571 3871 590 3913 a
613 3846 679 3914 Deo
702 3869 755 3913 eor
779 3847 887 3918 docile.
910 3850 949 3911 ut
971 3849 1078 3930 posset
1096 3844 1238 3928 judicare
1260 3866 1318 3930 po·

168 3952 279 4038 pulum
301 3950 361 4016 Dei
391 3955 423 4016 et
450 3952 625 4018 discernere
654 3953 740 4018 inter
766 3954 885 4019 bonum
918 3955 950 4017 et
980 3949 1109 4015 malum.
1156 3948 1201 4015 Ut
1233 3951 1318 4015 enim

168 4058 215 4122 ait
238 4056 393 4144 Vegetius
416 4057 454 4121 de
476 4079 510 4122 re
533 4057 683 4125 militari:
715 4057 824 4125 nullus
854 4061 902 4123 est
934 4077 1028 4143 quem
1058 4057 1203 4140 oporteat
1224 4055 1318 4139 plura

129 4175 156 4220 οῦ
169 4163 219 4229 vel
241 4161 374 4229 meliora
396 4162 476 4229 scire
506 4185 602 4247 quam
633 4164 827 4249 principem,
861 4164 948 4248 cujus
971 4161 1117 4228 doctrina
1137 4160 1230 4228 debet
1249 4181 1319 4228 om-

735 4283 755 4324 ὴ

241 4386 256 4442 l
276 4387 403 4445 Ardere:
422 4386 536 4447 semu
