3172 4962
711 323 792 394 ree,

165 491 382 578 superioribus
404 496 437 560 et
457 493 588 578 peribus
610 497 730 582 sategit
753 495 919 563 dominari.
965 497 1051 565 Nam
1082 498 1163 566 velle
1191 497 1318 584 quidem

166 616 234 662 esse
255 617 350 680 super
372 617 481 664 omnes
503 601 758 686 vituperabiliter
780 603 900 668 melum
923 607 981 683 est,
1005 605 1163 670 sustinere
1181 601 1317 670 alterum

168 701 231 766 sibi
253 701 390 768 similem
412 703 587 788 gloriosum
608 711 674 786 est,-
703 713 740 773 ut
761 709 809 774 ait
830 707 1082 794 chrysostomus.
1128 708 1176 774 De
1198 708 1317 775 talibus

166 806 252 872 euim
275 807 353 876 dieit
375 814 483 896 poeta:
506 812 664 878 tolluntur
686 813 719 877 in
736 812 837 878 altum
861 817 899 879 ut
915 814 1006 898 lapsu
1029 813 1170 901 graviori
1190 814 1317 880 eadent.

139 932 153 970 e
167 909 211 976 Et
220 915 306 992 note,
323 915 417 998 quod,
428 919 549 1001 quanto
564 923 613 983 est
626 919 727 1004 maj0r
739 939 894 997 assensus,
911 922 1002 986 tento
1015 925 1063 985 est
1075 918 1177 1004 major
1188 923 1220 984 et
1231 919 1315 1004 peri·
1391 947 1392 950 ¹

166 1015 304 1082 eulosior
320 1039 420 1086 essue.
465 1019 527 1098 Qui
548 1022 633 1088 enim
651 1021 812 1108 ‘de-plano
845 1028 878 1089 et
899 1023 1010 1090 infimo
1032 1025 1101 1090 loeo
1123 1021 1226 1101 eadit,
1247 1022 1312 1088 eito

167 1121 317 1205 resurgit,
340 1124 395 1208 qui
418 1129 523 1190 autem
546 1126 584 1191 de
604 1125 681 1205 alto,
704 1127 769 1192 eito
792 1149 923 1214 surgere
945 1129 1066 1214 nequit.
1112 1127 1208 1194 Remi
1230 1123 1316 1192 enim

166 1223 307 1305 arboris,
329 1231 367 1294 ut
390 1229 470 1296 dieit
490 1229 752 1316 chrysostomus,
776 1232 831 1316 qui
853 1235 943 1298 stent
964 1233 999 1297 in
1021 1232 1223 1310 summitate,
1254 1230 1318 1297 oito

167 1349 189 1394 a
209 1351 327 1414 magno
351 1337 446 1400 vento
468 1334 679 1421 tranguntur,
710 1336 766 1422 qui
787 1341 893 1402 eutem
916 1343 990 1403 sunt
1012 1338 1052 1403 ad
1074 1337 1220 1414 radicem,
1243 1355 1318 1400 oon·
1430 1369 1435 1386 ·

128 1457 155 1494 ιο
168 1439 346 1502 serventur.
392 1437 485 1506 Unde
507 1441 603 1506 etiem
626 1442 672 1507 eit
695 1442 833 1520 Quintus
856 1441 1002 1522 Curtius,
1026 1443 1183 1527 quendum
1200 1439 1316 1504 dixisse

168 1536 354 1607 Alexandro
376 1545 479 1627 quod,
509 1544 585 1637 lieet
605 1546 699 1611 arbor
721 1567 839 1632 magna
861 1552 980 1613 oreeoat
1004 1547 1038 1612 in
1063 1546 1179 1624 ultum,
1210 1549 1319 1610 tamen

169 1654 266 1716 reuto
289 1649 383 1714 eitius
406 1650 611 1734 exstirpetur,
634 1656 667 1715 et
689 1651 763 1716 lieet
785 1651 834 1716 leo
858 1655 925 1716 tam
948 1651 992 1716 sit
1014 1651 1185 1736 superbus,
1210 1653 1319 1712 temen

169 1777 339 1840 perrarum
363 1754 469 1820 avium
491 1753 629 1821 efficitur
652 1755 750 1820 oibue.
797 1755 933 1834 Quidam
960 1755 1167 1840 philosophus
1189 1753 1319 1818 veniens
1384 1823 1388 1832 ,

169 1861 209 1927 ed
232 1860 426 1945 sepulturam
450 1859 624 1925 Alexandri
657 1861 720 1925 ait:
754 1859 824 1924 heri
854 1881 918 1925 non
942 1859 1120 1926 sufficiebat
1149 1858 1203 1924 isti
1232 1860 1320 1922 totus

130 1979 156 2018 ¹⁶
170 1965 319 2042 mundus,
341 1963 434 2030 hodie
456 1963 597 2050 quinque
618 1963 783 2049 sepultura
805 1965 920 2050 pedum
942 1969 991 2030 est
1013 1967 1191 2036 eontentus.

437 2115 492 2204 De
513 2137 696 2205 Saturno
720 2144 759 2205 et
780 2139 903 2218 nube,
926 2139 1000 2205 diel.
1025 2143 1055 2207 2.

258 2278 385 2364 Septem
409 2285 485 2346 eunt
504 2280 642 2364 planete
664 2280 834 2344 seeundum
858 2277 943 2343 diota
960 2277 1232 2363 pbilosophorum,
1255 2276 1318 2343 sei·

171 2385 247 2450 lieet
268 2383 433 2464 Saturnus,
456 2383 595 2470 Jupiter,
618 2382 716 2460 Mars,
740 2383 803 2463 Sol,
829 2383 948 2461 Venus,
972 2383 1147 2448 Merourius
1169 2387 1202 2447 et
1217 2381 1318 2460 Luna,

170 2489 226 2554 ssd
255 2488 409 2555 distentia
440 2509 557 2574 magne
587 2494 636 2553 est
668 2489 754 2553 inter
777 2488 936 2574 planetum
968 2494 1001 2553 et
1021 2486 1194 2572 planetam.
1233 2484 1321 2562 ¹(duis

123 2621 157 2673 ,ao
171 2593 270 2658 reiert
291 2593 445 2678 magister
468 2593 592 2678 Moyses
624 2593 781 2658 maximus
803 2592 1026 2676 philosophus,
1057 2595 1095 2657 ut
1123 2591 1258 2656 habetur
1286 2591 1321 2654 in

171 2697 279 2764 Aures
300 2696 457 2783 legende,
482 2698 565 2783 quod
589 2698 725 2783 quilibet
736 2699 872 2764 oireulus
888 2698 1058 2782 cujuslibet
1073 2697 1209 2782 planetes
1225 2695 1323 2760 babet

171 2803 206 2868 in
236 2803 443 2887 spissitudine
465 2804 549 2869 rium
579 2804 826 2890 quingentorum
859 2824 1015 2870 annorum
1045 2803 1078 2868 id
1111 2807 1169 2868 est·
1193 2804 1320 2866 tantum

171 2907 328 2990 spatium,
359 2913 514 2991 quantum
542 2913 647 2992 posset
669 2909 784 2996 uliquis
807 2909 853 2974 ire
883 2909 917 2974 in
950 2909 1135 2994 quingentis
1165 2906 1258 2970 annis
1281 2904 1321 2984 de

172 3011 223 3076 via
244 3011 352 3096 plana,
373 3013 420 3077 ite
444 3018 561 3090 tamen,
585 3013 668 3097 quod
692 3014 753 3078 iter
765 3015 932 3099 cujuslibet
954 3015 1017 3079 diei
1039 3013 1082 3077 sit
1105 3011 1321 3096 quadraginta

132 3145 157 3183 rs
171 3115 323 3181 milliaria
353 3119 385 3180 et
414 3117 578 3202 quodlibet
606 3117 744 3183 milliare
773 3117 815 3184 sit
845 3119 977 3183 duorum
1000 3116 1137 3182 millium
1160 3135 1319 3200 passuum.

172 3219 312 3296 Quadam
335 3225 442 3288 autem
464 3223 531 3287 rice
552 3223 695 3306 quiedam
715 3223 815 3288 nubes
831 3243 948 3308 magne
970 3227 1002 3286 et
1024 3223 1126 3306 spisse
1148 3241 1181 3285 se
1196 3219 1326 3284 el'evere'

171 3325 269 3410 erepit
290 3326 411 3394 diosus:
435 3348 551 3413 magne
572 3331 621 3392 est
642 3326 830 3393 exoellentia
850 3349 939 3404 mea,
966 3327 1195 3412 quiapropter
1217 3343 1321 3388 meam

172 3430 425 3513 magnitudinem
455 3431 591 3516 plnnetoe
622 3431 656 3497 in
687 3432 806 3497 mundo
829 3453 981 3516 apparere
1003 3451 1067 3496 non
1090 3429 1214 3505 valent,
1247 3427 1322 3491 dum

172 3534 206 3598 in
230 3539 301 3600 stre
323 3557 374 3600 me
395 3557 496 3620 pon03
519 3537 573 3602 sed
596 3557 667 3602 eum
690 3535 749 3600 sim
773 3537 832 3601 sub
854 3535 933 3622 ipsis
960 3539 992 3600 et
1014 3557 1066 3600 eas
1087 3535 1134 3600 sie
1157 3530 1321 3609 obnubilo,

133 3643 294 3721 sequente
316 3640 429 3726 magis,
452 3641 480 3705 si
503 3640 693 3706 edseendero
714 3639 869 3724 superius,
891 3639 1045 3705 offuseere
1059 3643 1091 3704 et
1119 3636 1322 3722 suppeditare

173 3747 298 3826 potero,
330 3745 433 3810 multo
464 3746 566 3832 magis
597 3751 690 3812 eerte.
736 3744 780 3811 Et
810 3745 869 3810 hoe
900 3745 1008 3812 disens
1037 3755 1162 3810 sursum
1193 3743 1322 3808 tendere

172 3850 268 3933 erepit
290 3872 423 3935 eumque
443 3871 543 3935 usque
565 3850 604 3916 ud
626 3848 798 3916 Saturnum
821 3851 1003 3916 aseenderet
1024 3853 1057 3915 et
1079 3847 1323 3936 superscandens

171 3953 277 4032 vellet,
301 3957 348 4021 ait
368 3955 543 4021 Saturnus:
566 3954 638 4039 quis
661 3975 694 4020 es
717 3956 763 4032 tu,
787 3955 842 4037 qui
866 3953 1142 4038 escendereoupis,
1166 3953 1222 4017 ubi
1236 3973 1321 4016 nun·

172 4079 267 4141 quem
289 4058 374 4124 ullus
396 4059 561 4126 aseendit?
592 4057 650 4124 Cui
681 4056 798 4124 nubes:
831 4079 891 4144 ego
922 4080 1016 4143 super
1042 4058 1206 4124 ascendum
1236 4061 1322 4123 etto

132 4187 158 4228 es
172 4163 389 4248 praeoipitsbo.
434 4163 504 4230 Hoo
531 4164 660 4230 audiens
681 4164 836 4230 Saturnus
860 4164 1063 4248 perturbatus
1093 4164 1132 4230 ad
1155 4184 1245 4228 erma
1267 4183 1321 4228 eu·

173 4269 275 4336 eurrit
296 4273 328 4334 et
351 4268 434 4334 viem
458 4270 486 4334 ei
508 4269 632 4348 elausit,
656 4270 787 4354 insuper
816 4275 849 4336 et
871 4269 987 4334 nubem
1010 4269 1124 4353 dejeeit
1154 4271 1186 4333 et
1207 4268 1247 4332 ad
1270 4267 1321 4332 ui·

173 4374 276 4442 hilum
298 4374 423 4461 redegit
443 4373 566 4442 diesne:
590 4375 739 4442 senserit
762 4397 834 4444 enm
856 4373 1039 4454 reeidivare,
1062 4373 1117 4459 qui
1138 4372 1209 4439 vult
1227 4393 1323 4458 super
