3082 4938
666 327 726 388 153

116 507 148 566 et
161 501 242 566 datis
256 501 399 578 arbitris,
416 523 482 566 non
504 499 679 574 recusabas,
704 495 874 581 quominus
890 497 929 560 ds
941 495 1107 582 religionis
1122 495 1266 562 doctrina

118 606 175 672 riri
197 607 299 684 docti,
326 610 413 691 pacis
436 611 470 671 ct
493 605 609 689 quietis
631 603 767 688 publicae
788 601 932 678 studiosi,
956 601 1089 666 comiter
1111 606 1144 668 et
1165 602 1265 667 amice

115 711 282 795 aliquando
313 713 550 796 disceptarent,
585 716 621 777 ut
650 711 691 776 ab
722 709 799 794 ipsis
830 709 990 793 patefacta
1012 711 1062 774 via
1085 713 1117 774 et
1139 715 1265 774 ostensa

115 817 285 882 concordie
309 819 394 883 ratio
413 819 505 902 jussu
524 821 557 882 et
571 816 762 882 auctoritate
778 820 834 880 tua
850 815 1099 880 confirmaretur.
1131 814 1264 898 Aliquot

115 921 221 985 deinde
242 925 320 1005 post
341 923 516 998 mensibus,
539 941 594 1006 per
619 921 756 986 Galliam
778 920 865 985 iacto
887 919 1018 996 itincre,
1043 920 1076 984 iu
1101 919 1264 1005 Belgicam

114 1029 195 1091 tuam
229 1027 414 1105 revertisti,
450 1049 584 1112 cumque
606 1027 665 1092 sub
688 1032 777 1091 tuum
802 1027 971 1092 adventum
1005 1024 1126 1109 aliquot
1148 1024 1265 1108 quietis

114 1131 314 1213 impatientes
337 1131 483 1198 homines
506 1131 581 1196 beili
613 1131 714 1196 civilis
742 1151 799 1214 per
821 1129 1025 1194 Germaniam
1056 1129 1264 1195 fundamenta

110 1235 272 1318 jecissent,
308 1257 347 1301 ac
379 1236 469 1300 illam
499 1240 584 1301 tuam
615 1257 686 1300 cum
712 1233 888 1300 Galliarum
918 1255 993 1320 rege
1015 1233 1112 1298 talem
1135 1237 1265 1317 tamque

12 1411 13 1416 γ
111 1347 227 1406 arctam
250 1343 523 1407 consociationem
545 1341 606 1405 sibi
630 1361 754 1425 quoquo
775 1339 917 1404 futuram
940 1339 1053 1403 utilem
1068 1338 1263 1403 arbitraren-

110 1451 168 1523 tur,
187 1446 324 1531 jamque
344 1447 570 1530 propemodum
595 1446 786 1511 insultarent
808 1444 956 1510 iemciter
978 1447 1044 1508 sais
1060 1442 1263 1509 adversariis:

111 1553 153 1624 tu,
176 1551 250 1616 iidei
275 1550 490 1636 promissique
512 1571 640 1630 memor,
665 1555 697 1614 et
712 1549 846 1614 fortasse
863 1549 1044 1634 respiciens,
1068 1552 1263 1634 quantopere

680 1671 698 1710 ἢ

110 1763 139 1822 ct
160 1760 313 1824 donnant
333 1761 387 1824 des
416 1759 567 1838 arbitres,
602 1781 642 1825 ne
672 1759 783 1826 faisois
811 1761 896 1831 reius
920 1783 981 1846 qus
1003 1761 1109 1826 ductes
1131 1781 1262 1844 person-

110 1887 213 1948 nages,
237 1870 403 1930 amateurs
426 1865 464 1930 de
486 1866 518 1931 ia
539 1865 613 1949 pair
637 1869 668 1929 et
690 1865 891 1950 tranquillitd
913 1866 1075 1951 publique,
1098 1887 1138 1930 ne
1153 1867 1261 1950 dispu-

109 1973 226 2034 tassent
248 1969 499 2034 courtoisement
521 1973 553 2033 et
576 1969 801 2034 amiablement
823 1970 876 2034 des
908 1970 1073 2036 differens:
1105 1973 1169 2035 siin
1201 1992 1262 2056 que

10 2145 11 2148 Ἴ
109 2072 136 2137 le
155 2095 270 2158 moyen
295 2074 335 2138 de
356 2073 430 2158 pair
453 2078 486 2138 et
507 2073 659 2139 concorde
681 2095 739 2157 par
760 2097 820 2140 eux
842 2077 963 2152 trouve,
987 2077 1054 2140 fust
1075 2077 1147 2161 puis
1170 2099 1261 2161 apres

109 2178 265 2243 conforme
289 2200 349 2263 par
371 2183 428 2244 ton
451 2177 725 2243 mmmandoment
747 2185 780 2242 et
802 2179 969 2245 arrtborite.
1001 2179 1158 2265 Queiques
1181 2181 1262 2246 mois

109 2303 195 2365 apres
218 2287 405 2348 &avenant
426 2283 459 2347 la
468 2282 594 2347 Franco
616 2287 653 2346 tu
672 2282 741 2346 rins
764 2304 803 2347 en
826 2288 882 2348 ton
906 2305 984 2370 pays
1008 2285 1064 2350 bas
1087 2289 1120 2350 et
1142 2307 1265 2351 comme

110 2389 128 2450 b
150 2391 182 2452 ta
202 2409 308 2454 senne
330 2409 450 2452 aucuns
472 2387 642 2471 impatiens
664 2387 703 2451 de
724 2409 817 2472 nepos
839 2395 976 2474 avoyent
994 2392 1074 2474 jette‘
1088 2391 1134 2455 les
1151 2391 1263 2456 fonde·

109 2511 194 2556 mens
216 2491 257 2556 de
280 2511 396 2575 guerre
417 2491 519 2568 civile,
541 2492 718 2576 projettans
738 2494 794 2556 ton
810 2493 944 2558 ailianae
958 2498 1031 2558 tant
1045 2495 1175 2560 astruite
1190 2517 1264 2561 avec

108 2594 137 2660 le
158 2595 228 2680 Roy
250 2595 291 2660 de
316 2595 435 2660 France
457 2595 563 2662 devoir
585 2596 686 2660 servir
709 2598 728 2660 a
750 2596 819 2660 leur
841 2597 955 2680 profit,
979 2599 1006 2661 si
1029 2621 1090 2683 quc
1113 2601 1199 2686 desja
1221 2601 1262 2665 ils

108 2700 306 2786 insuitoyeni
328 2704 348 2764 a
369 2701 455 2764 leurs
478 2701 621 2764 ennemis
643 2723 682 2765 en
713 2703 803 2766 toute
833 2699 1065 2785 fe[99]lonnie:
1101 2706 1164 2770 lors
1195 2727 1262 2771 me-

108 2805 239 2870 moratii
257 2805 299 2870 de
320 2805 353 2870 la
372 2803 429 2889 foy
451 2807 482 2868 st
496 2825 655 2888 promesse
672 2805 803 2883 donnae,
827 2811 860 2870 et
873 2812 950 2890 pent
964 2811 1046 2873 estre
1062 2811 1261 2878 considerant

574 2935 578 2946 ·
675 2925 694 2964 ἢ

107 3013 244 3092 biertas,
269 3013 396 3098 parecia
417 3035 479 3097 que
501 3013 595 3079 arian
617 3013 727 3079 deser
749 3035 846 3080 causa
867 3015 904 3080 de
927 3018 1064 3102 grandes
1087 3020 1259 3086 sediciones

106 3119 330 3201 yaibcrotos:
358 3117 463 3182 embio
494 3121 636 3183 estcnces
657 3122 784 3183 suestra
807 3119 972 3207 Magastad
995 3123 1088 3188 sobre
1110 3125 1172 3189 elio
1194 3149 1260 3190 em·

106 3222 279 3288 baradmes
301 3223 393 3287 desde
415 3219 557 3306 Fspaira,
572 3207 649 3305 'por
681 3223 729 3286 los
760 3223 868 3306 quales
903 3225 1027 3290 declaro
1062 3249 1123 3312 que
1145 3251 1186 3292 no
1211 3251 1260 3294 re·

106 3325 224 3394 busava
247 3349 310 3413 qus
331 3349 364 3392 se
383 3329 546 3412 juntasscn
571 3327 709 3392 arbitros
732 3328 770 3392 de
799 3351 863 3393 nna
894 3336 984 3413 parte
1005 3357 1028 3418 y
1050 3333 1089 3397 de
1118 3337 1206 3412 otra,
1239 3358 1260 3420 y

106 3455 163 3516 que
185 3453 410 3520 comenpasaen
441 3431 588 3498 bombres
619 3432 727 3496 doctos
748 3433 909 3499 desseosos
931 3437 969 3500 de
992 3437 1024 3501 la
1046 3459 1105 3521 paa
1126 3463 1147 3524 y
1169 3443 1260 3505 tran·

106 3538 246 3622 quiiidad
273 3538 399 3622 publiea
421 3557 486 3601 una
507 3557 577 3610 rea,
611 3537 797 3620 adisputar
827 3543 929 3604 cortes
952 3563 973 3624 y
995 3543 1261 3626 amigablemente

104 3645 193 3708 sobre
215 3643 249 3708 la
271 3641 418 3707 doctrina
439 3641 478 3706 da
499 3642 531 3707 la
554 3641 722 3727 Religion,
754 3665 894 3728 parsque
925 3645 1057 3730 despuas
1079 3649 1117 3713 da
1139 3651 1261 3714 abierto

104 3767 159 3830 por
180 3748 263 3812 elios
286 3747 315 3810 el
338 3747 461 3812 camino
484 3769 505 3831 y
525 3747 687 3811 mostrado
709 3769 748 3812 sn
771 3769 832 3832 qus
847 3771 880 3814 sc
897 3751 970 3834 [16]
986 3753 1101 3836 podien
1118 3754 1258 3830 accrdar,

104 3852 134 3916 la
163 3854 373 3918 confirmasse
402 3857 529 3917 suestra
550 3852 716 3938 Magastad
752 3874 810 3918 con
845 3875 883 3918 su
918 3858 1084 3922 autor-idad
1115 3881 1136 3942 y
1169 3879 1259 3924 man·

103 3957 276 4025 damiento.
309 3956 454 4042 Algunos
477 3977 575 4022 meses
597 3958 728 4042 despues
752 3959 909 4042 passando
924 3982 983 4044 por
1001 3961 1142 4040 Francia,
1165 3967 1259 4030 torno

103 4063 284 4128 ti'landes
314 4067 443 4128 suestra
464 4061 642 4148 Mageaiad:
672 4085 806 4150 ycomo
837 4085 877 4129 en
909 4066 1035 4150 aqusila
1065 4089 1157 4132 seron
1181 4091 1200 4133 a
1222 4075 1257 4134 su

103 4167 217 4232 venida
239 4167 377 4253 algrinus
399 4167 545 4234 bombres
567 4169 727 4253 inquietos
742 4191 763 4254 y
779 4170 962 4235 bulliciosos
977 4173 1069 4237 arian
1085 4195 1127 4258 ya
1141 4173 1259 4239 eebado

103 4293 153 4336 aaa
176 4274 297 4338 ciartos
321 4272 543 4337 fundamentos
566 4273 605 4338 de
626 4295 742 4359 guerra
764 4275 837 4339 civil
861 4297 920 4358 por
934 4276 1111 4354 Alemauia,
1135 4299 1157 4362 y
1180 4299 1258 4362 pcn-

103 4397 198 4442 saraa
224 4399 289 4463 que
310 4377 438 4461 aqucila
460 4383 514 4444 tan
535 4380 677 4446 sstrechs
699 4381 865 4466 campania
886 4382 925 4446 de
946 4387 1072 4450 suestra
1095 4383 1257 4469 Magastad
