3146 4962
779 284 844 350 218

236 455 328 520 Unde
350 455 488 538 quidam,
510 475 583 522 cum
605 458 772 524 offerretur
794 460 824 524 ei
853 459 1045 526 eucharistia
1067 461 1102 524 in
1126 461 1295 539 extremis,
1330 459 1397 524 ait:

233 561 393 645 judicetur
406 561 505 645 prius,
521 565 629 628 utrum
644 568 765 628 rectum
783 565 834 644 sit,
852 565 936 650 quod
951 565 1104 648 accipiam
1122 587 1163 630 an
1177 567 1268 629 non?
1292 563 1396 647 cnjus

236 685 330 730 causa
352 665 593 731 circumstantes
621 667 788 734 dixerunt:
812 691 869 734 nos
901 670 1029 754 quidem
1060 673 1182 734 rectum
1213 674 1247 734 et
1264 671 1397 754 justum

232 770 420 854 judicamus.
467 771 589 848 Quibus
612 773 682 837 ille:
718 795 783 838 non
813 780 862 840 est
885 776 944 840 hoc
966 781 1088 840 rectum
1118 774 1293 859 judicium,
1324 795 1396 838 non

179 903 183 914 ’
211 875 321 940 renim
353 876 430 940 satis
456 877 591 960 justitie
623 883 812 962 potestatem
845 880 969 946 habetis
990 901 1042 944 mc
1063 883 1148 944 recte
1166 879 1315 964 justeque
1335 880 1396 962 ju-

237 981 350 1046 dicare.
394 978 488 1045 Alius
499 1001 583 1060 vero,
607 1003 679 1048 cum
702 984 735 1047 in
752 985 902 1049 extremis
917 985 1141 1050 admoneretur
1156 983 1194 1048 sd
1211 984 1396 1068 suscipian-

237 1086 310 1151 dam
331 1085 564 1164 eucharistiam,
588 1088 683 1171 petiit
706 1089 902 1167 dilationem,
927 1109 1022 1173 quam
1045 1109 1117 1154 cum
1141 1088 1266 1153 nollent
1286 1088 1316 1152 ei
1339 1088 1396 1152 sui

237 1191 330 1256 amici
353 1189 427 1255 dere
448 1194 579 1274 propter
602 1196 752 1269 mortem,
777 1215 872 1276 quam
896 1193 1062 1270 ridebant,
1097 1192 1151 1258 ille
1174 1213 1230 1276 per
1254 1213 1395 1258 consue-

237 1295 380 1360 tudinem
404 1295 671 1378 appellationum,
696 1297 811 1380 quibus
834 1297 940 1362 fuerat
961 1319 1055 1375 usus,
1079 1295 1254 1384 appellavit
1275 1319 1295 1361 a
1318 1317 1394 1360 ma-

199 1417 225 1455 10
239 1400 354 1465 nifasto
377 1399 571 1486 gravamine.

442 1573 498 1640 De
520 1575 710 1661 mergulo
733 1577 1003 1662 negligente,
1027 1575 1102 1642 dial.
1128 1579 1178 1644 74.

326 1713 499 1799 Mergulus,
523 1714 600 1780 dicit
624 1713 724 1794 Brito,
748 1737 767 1780 a
789 1715 961 1801 mergendo
983 1716 1117 1782 diciturz
1152 1715 1219 1780 avis
1241 1713 1390 1798 quaedam

237 1823 301 1898 est,
332 1839 401 1902 quae
429 1819 601 1904 mergendo
635 1819 740 1884 cibum
770 1823 895 1904 quaerit.
941 1821 1004 1886 Hic
1034 1820 1196 1906 mergulus
1220 1818 1392 1905 negligens

238 1923 367 1988 effectus
390 1925 437 1988 ait
458 1924 546 1989 intra
567 1945 616 1988 se:
640 1926 734 1990 miser
756 1947 815 2012 ego
839 1926 915 2010 quid
937 1926 1045 1990 facio?
1068 1923 1169 1990 Nulla
1189 1925 1274 1989 inter
1298 1923 1391 1988 volu-

199 2045 224 2084 1⁶
238 2049 304 2094 cres
327 2049 397 2092 cum
422 2031 513 2092 tanto
532 2029 639 2094 labore
661 2031 723 2094 sibi
745 2031 850 2096 cibum
874 2032 998 2115 quaerit,
1021 2031 1096 2114 quia
1118 2035 1187 2095 tota
1209 2029 1261 2094 die
1275 2027 1390 2114 gurgi·

238 2132 324 2197 tibus
347 2136 379 2195 et
401 2131 495 2196 undis
519 2155 568 2197 me
591 2155 718 2219 mergo,
748 2140 785 2199 ut
815 2135 919 2200 cibum
943 2136 1121 2211 inveniam,
1152 2138 1185 2198 et
1215 2134 1300 2198 forte
1322 2154 1390 2197 una

238 2237 288 2302 die
311 2235 514 2320 periclitabor
536 2238 570 2301 in
593 2238 750 2319 fluctibus,
776 2240 886 2304 melius
909 2245 966 2319 est,
989 2245 1027 2304 ut
1043 2239 1083 2305 ad
1099 2240 1199 2306 socias
1213 2239 1295 2304 alias
1311 2259 1387 2303 aves

237 2362 369 2427 pergam
392 2347 425 2407 et
447 2343 553 2407 cibum
575 2365 646 2408 curn
668 2345 739 2409 aliis
761 2346 943 2429 acquiram,
971 2367 1028 2410 nec
1050 2345 1247 2410 manducabo
1268 2365 1388 2427 panem

237 2445 355 2512 laboris
378 2451 411 2512 ct
433 2447 566 2526 doloris,
598 2452 631 2513 et
651 2449 697 2515 sic
718 2450 787 2514 siue
810 2471 926 2536 magno
954 2450 1063 2514 labora
1083 2449 1196 2514 melius
1219 2448 1384 2532 epulabor.

198 2577 223 2615 ιι
237 2549 322 2616 Dum
344 2555 449 2616 autem
471 2553 510 2616 ad
533 2575 643 2618 arvum
666 2553 878 2620 adscendisset
906 2559 938 2618 et
968 2575 1041 2618 cum
1068 2553 1252 2618 volatilibus
1277 2553 1387 2618 cibum

237 2657 299 2720 sibi
321 2657 524 2740 acquirerect,
548 2679 610 2722 non
635 2658 807 2738 inveniens,
832 2660 916 2742 quod
930 2659 992 2724 sibi
1007 2663 1141 2743 saperet,
1164 2657 1331 2722 famelicus
1354 2662 1390 2722 et

237 2762 424 2828 macilentus
446 2761 575 2827 effectus
598 2767 729 2830 estnec
760 2785 818 2848 pro
850 2769 943 2830 tanta
971 2763 1132 2847 penuria¹
1162 2783 1307 2827 reversus
1340 2765 1391 2825 est

237 2867 276 2931 ad
299 2887 332 2930 se
353 2867 578 2950 mergendum,
606 2867 660 2932 sed
683 2889 799 2953 magua
821 2869 927 2933 inedia
949 2867 1097 2932 deficiens
1127 2867 1189 2932 ait:
1221 2887 1388 2948 nunquam

237 2971 330 3035 debet
351 2970 557 3049 manducare,
591 2973 646 3056 qui
676 2995 740 3037 non
772 2974 840 3038 vult
862 2995 895 3037 se
917 2973 1066 3057 fatigare.
1112 2969 1164 3036 Sic
1185 2971 1270 3035 enim
1294 2969 1390 3034 multi

198 3099 223 3137 rs
237 3075 437 3161 negligentes
460 3075 576 3140 nolunt
598 3097 754 3141 assumere
777 3077 935 3155 laborem,
968 3077 1022 3140 sed
1050 3076 1085 3140 in
1108 3079 1250 3160 egestate
1270 3095 1390 3159 magna

237 3181 370 3265 cupiunt
392 3182 589 3246 commorari.
644 3181 776 3264 Propter
800 3183 884 3266 quod
906 3181 1023 3246 dicitur
1053 3181 1115 3246 Job
1139 3179 1203 3244 V0:
1231 3179 1326 3244 homo
1349 3179 1389 3244 ad

236 3285 376 3350 laborem
400 3291 494 3352 natus
517 3291 575 3365 est,
599 3293 631 3352 ct
653 3288 680 3352 si
703 3287 847 3352 laborare
864 3286 981 3365 renuit,
1005 3307 1069 3350 non
1086 3285 1163 3350 lacit
1179 3285 1223 3362 id,
1247 3285 1286 3350 ad
1301 3285 1387 3367 quod

236 3391 339 3455 factus
353 3395 412 3469 est,
436 3397 469 3455 et
484 3391 552 3456 idco
568 3413 632 3456 non
642 3391 787 3475 pervenit
798 3391 838 3456 ad
849 3393 891 3468 id,
908 3391 947 3455 ad
957 3390 1040 3473 quod
1056 3395 1178 3455 creatus
1191 3392 1249 3468 cst,
1266 3389 1391 3455 scilicet

237 3495 276 3559 ad
306 3515 464 3560 summum
493 3496 620 3560 bonum.
673 3496 782 3562 Prima
814 3497 853 3561 ad
884 3495 1027 3560 Corinth.
1061 3493 1127 3559 IX:
1166 3494 1222 3577 qui
1252 3493 1388 3572 laborat,

198 3601 413 3666 remanducat.
460 3601 509 3665 Tu
531 3606 655 3681 autem,
678 3608 774 3686 prout
798 3600 938 3666 Isidorus
961 3599 1058 3677 dicit,
1091 3619 1196 3683 quaerc
1225 3598 1287 3663 tibi
1309 3619 1389 3682 opus

238 3706 327 3783 utile,
351 3726 406 3790 per
429 3707 512 3789 quod
536 3707 643 3771 anima
664 3707 845 3791 impleatur.
892 3705 1092 3770 Moderatum
1116 3704 1257 3769 laborem
1273 3703 1389 3768 habers

239 3815 287 3876 est
305 3812 488 3894 jucunditas
511 3815 543 3876 et
565 3813 686 3877 sanitas
709 3816 776 3876 tam
798 3813 913 3876 animes
927 3833 1025 3894 quam
1041 3810 1192 3894 corporis.
1239 3807 1389 3884 Quaedam

238 3916 332 3981 vidua
355 3917 520 3982 recusabat
542 3917 669 3999 sepeliri
702 3917 736 3980 in
760 3917 890 3981 camisia
919 3916 981 3981 sibi
1003 3915 1078 3980 data
1100 3915 1225 3979 dicens:
1255 3912 1389 3996 sepeliar

239 4021 365 4104 quidem
388 4021 421 4084 in
445 4021 587 4086 laborata
611 4022 756 4086 manibus
779 4021 918 4105 propriis
949 4024 982 4084 et
1012 4041 1077 4084 nou
1109 4019 1231 4084 alienis.
1279 4017 1388 4082 Abbas

200 4146 226 4184 ιι
240 4125 414 4205 Ausonius,
437 4131 474 4190 ut
495 4126 614 4212 legitur
636 4128 672 4192 in
695 4126 915 4210 Vitaspatrum
931 4122 965 4205 ²,
1000 4124 1104 4209 primo
1127 4124 1162 4189 in
1184 4123 1305 4207 palatio
1329 4123 1388 4187 im·

805 4247 823 4286 b

311 4351 324 4406 1
344 4347 465 4405 Frfihers
482 4367 577 4420 surg:
596 4351 705 4408 timore
775 4351 792 4405 2
812 4347 920 4405 Ardere
938 4349 1088 4420 richtigar:
1107 4347 1182 4404 viris
1199 4351 1324 4418 patrum.

1553 4329 1559 4501 ι
