3146 4962
732 287 796 350 alv

186 481 339 545 pauperes
369 459 481 526 timere
511 459 628 526 debent
658 464 691 524 et
713 481 888 545 precavere
910 461 1030 546 utique,
1053 461 1130 546 quia
1150 457 1338 544 puniuntur.

187 565 309 630 DivItes
331 565 417 630 enim
440 569 472 631 et
494 568 640 650 potentes
663 586 728 631 non
751 565 885 644 timent,
909 567 963 632 sed
986 567 1117 634 audaces
1140 569 1232 641 sunt,
1265 563 1341 646 quia

188 691 251 736 uon
284 670 473 756 puniuntur.
518 669 692 755 Propterea
721 671 885 756 respondit
915 670 1020 757 gallus
1049 670 1193 756 accipitri
1222 668 1340 736 dicenti

187 777 265 842 sibi:
289 776 365 860 quid
387 781 444 856 cst,
467 777 552 860 quod
573 779 702 842 tantum
725 776 848 842 timetis
867 775 1022 855 homiues,
1046 798 1117 842 cum
1134 775 1248 860 quibus
1264 775 1340 840 edu·

160 884 250 950 tcati
273 886 306 948 et
327 881 443 948 nutriti
466 881 565 946 estis?
587 880 630 948 Idt
645 903 703 946 nos
725 882 884 948 mansueti
906 903 1014 948 sumus
1037 883 1132 948 etad
1147 903 1256 948 eorum
1271 903 1339 946 ma·
1394 919 1400 932 ·

188 1010 248 1054 nus
271 986 461 1053 revertimur
484 992 607 1072 sponte.
652 985 713 1052 Dic
735 987 837 1067 nobis,
860 989 889 1053 si
911 1008 1052 1070 unquam
1075 987 1184 1052 vidisti
1206 986 1267 1052 XX
1287 1007 1340 1051 ac·

187 1093 315 1178 cipitres
346 1093 380 1156 in
409 1113 473 1156 una
502 1091 595 1156 domo
625 1091 708 1158 siout
737 1091 776 1157 de
806 1092 908 1159 nobis.
953 1091 1028 1158 Ideo
1058 1090 1198 1177 fugimus
1220 1092 1261 1156 ab
1283 1091 1339 1170 eie,

187 1198 262 1283 quis
284 1219 342 1262 nos
365 1196 448 1262 male
470 1196 619 1281 puniunt.

565 1370 621 1436 De
642 1393 788 1457 ysone,
812 1372 886 1437 dial.
912 1376 962 1438 73.

149 1530 174 1569 ¹⁰
275 1511 382 1592 Yson,
407 1512 484 1577 dicit
510 1510 616 1591 Brito,
646 1512 714 1578 evis
736 1517 784 1578 est
814 1513 852 1578 de
880 1534 995 1599 genere
1017 1513 1171 1591 vulturis,
1202 1512 1275 1576 alba
1306 1515 1338 1576 et

187 1619 293 1684 minor
316 1639 411 1702 quam
434 1617 559 1696 vultur,
594 1618 647 1683 sed
670 1619 884 1702 rapacissima.
930 1619 1007 1686 Haec
1031 1618 1097 1684 avis
1119 1618 1339 1700 injuventute

187 1725 291 1790 multa
313 1724 398 1790 mala
419 1724 615 1808 perpetravit
637 1725 764 1809 rapiens
787 1726 892 1809 pullos
915 1725 1045 1801 alienos,
1069 1721 1213 1787 homines
1235 1723 1268 1786 et
1282 1742 1338 1785 vo·

187 1827 289 1894 lucres
312 1829 521 1913 perturbavit.
568 1829 709 1894 Tandem
733 1831 767 1895 in
791 1834 952 1896 senectute
975 1831 1165 1912 compuncta
1187 1825 1340 1911 poenituit

187 1933 295 2000 volens
318 1933 425 1999 ablata
446 1935 631 2014 restituere,
655 1936 880 2018 poenitentiam
903 1955 997 2020 egere
1019 1937 1052 1998 et
1073 1932 1221 2017 operibus
1244 1930 1338 1996 mise·
1388 2010 1390 2021 Ι

150 2054 176 2092 1⁶
190 2037 333 2103 ricordia
354 2037 501 2104 insistere
524 2043 556 2104 et
575 2039 709 2123 justitiae
732 2042 895 2118 insudare,
926 2041 981 2106 sed
1010 2038 1086 2124 quia
1114 2039 1148 2103 in
1168 2037 1339 2120 juventute

189 2164 254 2208 non
283 2148 478 2223 assueverat,
509 2145 544 2208 in
575 2150 737 2212 senectute
767 2166 831 2211 non
864 2149 990 2230 poterat
1017 2146 1208 2228 perpetrare.
1253 2138 1337 2215 Que-

188 2251 318 2333 propter
343 2249 554 2334 redarguebat
576 2271 610 2315 se
636 2251 757 2336 ipsam,
788 2252 843 2317 sed
873 2252 949 2336 quia
977 2271 1041 2316 non
1074 2248 1188 2313 habuit
1217 2247 1337 2312 bonum

187 2353 379 2438 principium
403 2355 436 2419 in
458 2355 641 2439 juventute,
665 2357 780 2422 habere
802 2378 867 2422 non
889 2357 997 2440 potnit
1017 2355 1137 2420 bonum
1160 2353 1280 2418 exitum
1303 2351 1338 2414 in

187 2462 348 2523 senectute
372 2460 496 2526 dicens:
529 2462 585 2545 qui
614 2483 678 2527 non
701 2462 790 2546 prius
813 2461 898 2526 bona
919 2461 1015 2544 capit,
1039 2458 1153 2524 necin
1175 2458 1337 2522 senectute

149 2591 175 2628 n
188 2561 282 2645 sapit.
327 2562 413 2650 Ergo
435 2568 542 2648 patet,
574 2565 658 2649 quod
688 2565 806 2631 bonum
837 2569 885 2630 est
912 2565 1134 2648 injuventute
1155 2562 1239 2626 bona
1262 2581 1337 2626 con-

188 2687 339 2751 gregare,
371 2672 408 2732 ut
437 2669 471 2733 iu
500 2673 662 2736 senectute
683 2670 897 2737 inveniantur.
944 2669 1013 2735 Hoc
1043 2669 1128 2734 enim
1157 2671 1224 2746 est,
1254 2664 1339 2750 quod
1369 2701 1373 2708 ·

188 2772 306 2838 dicitur
328 2771 445 2840 Eccles.
467 2775 591 2842 XXV0:
621 2777 654 2843 in
674 2778 842 2861 juveutute
863 2781 920 2842 tua
941 2777 1026 2842 bona
1047 2760 1112 2840 noir
1135 2769 1338 2858 congregasti

188 2883 220 2942 et
243 2877 400 2960 quomodo
422 2880 563 2946 invenies
587 2904 624 2947 ec
645 2883 679 2947 in
703 2887 864 2948 senectute
891 2883 969 2946 tua?
998 2880 1080 2958 Fili,
1109 2879 1142 2944 in
1171 2878 1339 2962 juventute

188 2987 245 3048 tua
267 2987 357 3048 tenta
379 2984 519 3050 enimam
542 2991 629 3052 tuam
653 2993 686 3053 et
707 2989 736 3052 si
758 2987 855 3052 brerit
877 3009 1029 3070 nequam,
1063 3005 1127 3050 non
1150 2983 1204 3048 des
1227 2982 1256 3047 ei
1279 3001 1337 3064 po-

150 3113 175 3152 n
188 3089 345 3156 testatem.
391 3088 479 3155 Dicit
502 3093 631 3176 quidam
654 3093 862 3158 versificator:
894 3093 951 3176 qui
980 3112 1044 3156 non
1069 3088 1212 3154 adsuevit
1234 3087 1337 3152 virtu-

162 3193 292 3272 tibus,
323 3194 396 3258 dum
423 3195 615 3279 juvenescit,
645 3198 774 3264 avitiis
804 3198 905 3264 nescit
927 3198 1114 3276 desuescere,
1138 3191 1264 3277 quando
1287 3211 1338 3254 se·

188 3299 298 3366 nescit.
330 3297 373 3364 Et
383 3299 444 3367 hoo
454 3307 584 3387 propter
596 3303 865 3382 consuetudinem,
884 3305 959 3387 quia
972 3298 1165 3367 consuetudo
1175 3300 1224 3361 est
1236 3295 1338 3360 altera

191 3407 323 3482 natura,
353 3409 391 3470 ut
415 3405 493 3472 dicit
517 3407 734 3492 philosophus.
784 3410 889 3474 Tanta
918 3407 1004 3473 enim
1026 3407 1074 3470 est
1095 3403 1144 3466 vis
1167 3402 1337 3466 consuetu-

190 3506 283 3586 dinis,
305 3511 352 3586 nt,
369 3510 452 3592 qnod
463 3511 557 3578 homo
572 3516 735 3580 consuevit
750 3516 852 3582 faeere
867 3513 1015 3600 vigitans,
1036 3508 1227 3596 quaudoque
1241 3505 1340 3572 faciet

150 3610 367 3692 obdormiens,
399 3617 432 3678 et
460 3617 544 3699 quod
566 3621 729 3686 consuevit
760 3621 862 3687 facere
883 3620 1003 3699 videns,
1026 3615 1107 3682 facit
1129 3634 1195 3677 non
1217 3613 1338 3678 videns.

189 3716 282 3782 Unde
304 3717 440 3784 refertur
462 3720 500 3786 de
522 3724 659 3806 quodam
681 3727 818 3806 meffico,
851 3727 902 3791 oui
925 3723 1120 3790 debebantur
1143 3716 1226 3784 XIH
1248 3716 1339 3782 libra

188 3821 228 3886 ad
250 3827 315 3888 tres
338 3845 437 3890 annos
459 3827 626 3907 solvende,
649 3832 706 3913 qui
728 3853 799 3897 cum
824 3830 983 3896 laboraret
1005 3829 1039 3892 in
1055 3824 1205 3892 extremis
1228 3826 1261 3888 et
1283 3821 1340 3886 ad-

189 3932 370 3994 moneretur
398 3931 436 3994 ad
460 3931 709 4014 confessionem,
742 3940 779 4001 ut
810 3934 1032 4002 eucharistiam
1065 3931 1223 4008 sumeret,
1258 3926 1339 3992 nihil

189 4033 275 4098 aliud
298 4037 424 4119 poterat
445 4036 486 4102 ab
508 4059 544 4102 eo
567 4040 732 4106 extrahere
753 4041 836 4106 nisi:
861 4038 943 4104 XIII
966 4038 1056 4103 Iibrae
1077 4036 1118 4101 ed
1142 4038 1206 4099 tres
1228 4053 1339 4109 annos,

150 4159 175 4199 n
189 4142 221 4202 et
243 4138 289 4204 sic
310 4140 442 4223 loquens
465 4143 648 4228 exspiravit.
694 4145 829 4231 Propter
861 4142 1121 4210 consuetudinem
1144 4139 1228 4205 enim
1257 4138 1341 4203 male

189 4242 294 4310 solent
315 4266 408 4332 agere
431 4247 508 4312 meli
527 4247 649 4332 judices
672 4255 704 4316 et
727 4249 872 4318 advocati
894 4249 927 4314 in
949 4248 1015 4314 suis
1030 4244 1170 4331 negotiis
1186 4241 1339 4327 insipien-

188 4350 238 4413 ter
266 4351 363 4420 etiam
393 4341 476 4421 circe
506 4360 659 4437 mortem,
696 4357 773 4424 dum
801 4356 959 4443 praecipue
988 4351 1146 4441 sapientia
1173 4371 1252 4438 opus
1281 4353 1338 4415 est.
