3172 4962
713 343 770 404 191

256 507 400 576 Piscator
422 510 551 594 quidam
573 511 648 576 dum
670 512 863 596 piscabatur,
888 512 971 597 cepit
994 513 1179 604 pisciculum
1213 538 1323 601 quern·

169 614 243 679 dam
266 619 315 694 ct,
340 637 412 680 cum
435 615 529 680 vellat
552 615 656 702 ipsum
674 618 843 703 jugulare,
876 617 1065 683 vociferatus
1088 623 1137 684 est
1159 621 1281 687 dicens:
1304 645 1323 688 ο

169 720 307 804 piscator
331 721 479 785 miserere
500 721 572 798 mei,
596 743 727 805 parrum
752 723 791 787 de
814 745 864 787 me
886 722 1018 788 habebis
1041 725 1186 803 lucrum,
1221 728 1249 792 si
1272 749 1323 793 1111

170 823 341 900 interficis;
373 825 425 888 sed
458 825 486 888 si
517 847 568 889 me
597 825 684 891 abire
713 827 894 910 permittis,
926 828 1078 910 promitto
1104 829 1170 895 Deo
1193 836 1225 896 et
1247 832 1321 913 tibi,

141 928 254 1011 equod
275 928 449 1013 plurimum
471 932 504 993 te
526 928 642 994 faciam
664 929 792 1008 lucrari,
816 931 967 1015 quoniam
989 933 1029 998 ad
1052 937 1083 998 te
1106 935 1247 1019 quotidie
1271 959 1321 1002 re·

170 1039 276 1099 vertar
297 1055 368 1098 cum
391 1055 508 1118 magna
530 1035 679 1100 societate
703 1035 837 1119 piscium
860 1037 953 1101 acin
976 1037 1098 1103 retibus
1114 1041 1178 1104 tuis
1203 1041 1321 1108 multos

170 1139 379 1205 introducam.
425 1137 483 1204 Oui
503 1139 659 1224 piscator:
685 1142 840 1226 quomodo
857 1145 888 1207 te
904 1162 1094 1228 cognoscere
1110 1149 1220 1229 potero
1236 1146 1321 1212 inter

169 1248 220 1306 tot
241 1244 365 1326 pisces?
397 1240 443 1307 At
465 1241 534 1308 ille:
568 1265 679 1326 parurn
711 1246 883 1327 praescinde
907 1246 987 1310 mihi
1009 1248 1047 1312 de
1069 1249 1185 1327 cauda,
1214 1255 1250 1314 ut
1271 1272 1322 1316 me
1397 1301 1400 1310 .

120 1411 128 1424 ,
169 1348 254 1412 inter
285 1347 363 1412 alios
395 1369 573 1433 cognoscas.
620 1347 761 1413 Credidit
791 1371 868 1434 ergo
899 1351 1055 1436 piscator,
1086 1355 1244 1437 praescidit
1271 1355 1321 1420 illi

127 1453 299 1518 locandam
320 1457 353 1517 11
375 1452 506 1531 dimisit,
530 1453 698 1537 pisciculus
720 1475 793 1520 vero
817 1455 963 1540 ingratus
985 1477 1126 1540 semper,
1159 1479 1229 1522 cum
1253 1459 1319 1544 pis·

65 1563 67 1568 '
168 1558 300 1623 sabatur
322 1556 434 1636 homo,
460 1579 532 1622 eum
562 1559 751 1642 impediebat
780 1565 811 1624 et
842 1562 942 1646 pisces
973 1563 1013 1627 ab
1044 1567 1081 1627 eo
1111 1563 1319 1647 propulsabat

167 1663 291 1730 dicens:
316 1662 442 1741 fratres,
465 1667 572 1728 cavete
594 1664 790 1730 aseductore
813 1665 879 1745 illo,
904 1667 959 1750 qui
981 1688 1032 1731 me
1056 1666 1181 1732 seduxit
1196 1672 1228 1732 et
1244 1689 1318 1732 cau·

167 1767 240 1832 dam
263 1789 365 1832 meam
389 1767 564 1850 praescidit;
596 1767 641 1832 sic
671 1767 756 1833 enim
777 1768 872 1833 faciet
895 1769 1002 1847 rabie,
1033 1771 1061 1836 si
1083 1793 1148 1836 non
1163 1772 1316 1850 'caveatis

167 1873 250 1939 etsi
274 1873 352 1938 mihi
376 1895 440 1938 non
463 1874 600 1953 creditis,
625 1874 674 1938 vel
696 1876 844 1959 operibus
867 1876 994 1941 credite.
1041 1875 1118 1940 Haec
1140 1879 1246 1940 autem
1269 1875 1318 1940 di·

126 1993 153 2031 11
168 1999 241 2044 cens
275 1979 462 2044 ostendebat
493 1981 624 2044 caudam
654 1981 858 2063 praescissam.
905 1981 1009 2046 Pisces
1036 2002 1110 2047 vero
1132 1980 1238 2064 ipsum
1260 1981 1317 2046 ab·

168 2084 342 2150 horrebant
373 2091 405 2149 et
435 2084 567 2168 abipso
591 2085 802 2168 quamcitius
825 2086 1009 2173 fugiebant,
1040 2086 1180 2170 piscator
1211 2089 1318 2152 autern

166 2211 330 2274 nunquam
354 2189 490 2273 amplius
512 2190 712 2273 piscabatur,
736 2195 866 2275 propter
888 2192 972 2275 quod
994 2192 1027 2256 111
1052 2195 1240 2276 paupertate
1262 2191 1317 2256 de·

167 2295 271 2380 gebat.
318 2293 444 2360 Accidit
466 2315 600 2380 quoque,
625 2295 708 2380 quod
724 2296 861 2378 piscator
885 2295 1011 2381 longius
1034 2299 1106 2379 post
1129 2294 1316 2378 pisciculum

166 2398 259 2463 illum
288 2420 358 2464 cum
383 2400 454 2465 aliis
476 2400 616 2484 piscibus
647 2401 731 2485 capit
759 2402 925 2486 ipsumque
947 2422 1120 2486 agnoscens
1144 2399 1317 2464 trucidavit

126 2527 154 2566 1ο
167 2505 336 2570 crudeliter
358 2506 478 2571 dicens:
504 2505 559 2570 ille
582 2507 637 2590 qui
661 2510 767 2572 manet
790 2507 957 2593 ingratus,
976 2507 1100 2589 justum
1124 2509 1189 2583 ast,
1224 2505 1251 2569 si
1273 2505 1316 2570 sit

166 2595 394 2676 mortificatus
436 2610 487 2677 Sic
517 2613 602 2677 enim
634 2613 729 2678 multi
761 2615 882 2699 ingrati
913 2613 1049 2678 reddunt
1079 2632 1201 2696 semper
1231 2611 1317 2676 mala

165 2736 223 2798 pro
246 2715 347 2780 bonis.
395 2717 517 2795 Quibus
540 2718 682 2802 loquitur
704 2719 795 2784 Prov.
819 2718 930 2784 XVII:
954 2717 1009 2802 qui
1033 2716 1136 2782 reddit
1158 2717 1241 2782 mala
1256 2737 1315 2800 pro

166 2819 276 2898 bonis,
314 2844 377 2887 non
409 2825 532 2889 recedet
565 2824 689 2888 nralitia
719 2824 756 2888 de
786 2824 877 2889 domo
908 2824 982 2907 ejus.
1036 2821 1113 2887 Hoec
1145 2827 1193 2886 est
1229 2823 1315 2887 enim

165 2946 283 3010 magna
305 2927 504 3012 ingratitudo
520 2929 653 3013 indigna
668 2930 864 3006 meritorum,
888 2929 926 2993 de
940 2950 1003 3013 qua
1019 2927 1096 2992 dicit
1112 2925 1313 2991 Bernardus:

124 3055 151 3094 aa
165 3028 363 3114 ingratitudo
386 3033 514 3098 inimica
535 3038 583 3098 est
598 3034 721 3112 animae,
743 3032 965 3098 exterminatio
986 3031 1181 3108 meritorum,
1205 3030 1309 3095 virtu-

165 3137 235 3199 tum
257 3136 420 3220 dispersi0,
447 3137 670 3202 beneficiorum
694 3137 840 3222 perditio.
886 3135 1088 3222 Ingratitudo
1111 3135 1241 3200 inimica
1264 3138 1313 3200 est

165 3241 289 3319 animae,
314 3245 426 3306 ventus
448 3262 552 3319 urens,
577 3242 695 3306 siccans
718 3241 779 3306 sibi
802 3240 925 3305 fontem
946 3239 1095 3324 pietatis,
1124 3260 1227 3304 rorem
1251 3241 1312 3306 mi-

164 3347 340 3412 sericordiae
362 3351 395 3412 et
415 3347 535 3412 fluenta
558 3348 680 3433 gratiae.
727 3345 846 3411 Contra
867 3347 1011 3430 ingratos
1037 3347 1069 3408 ct
1091 3364 1155 3408 non
1180 3365 1313 3429 cognos-
1423 3410 1425 3418 ,

164 3456 270 3517 centes
292 3453 445 3517 beneficia
477 3456 582 3537 potest
613 3451 725 3516 referri
756 3451 837 3516 illud
868 3449 1045 3533 exemplum
1075 3448 1163 3512 illius
1191 3447 1313 3528 villani,

124 3579 150 3617 so
165 3557 220 3639 qui
245 3557 385 3640 quotidie
416 3557 483 3622 ibat
510 3557 549 3620 ad
572 3557 683 3622 silvam
708 3579 779 3621 cum
802 3577 858 3620 suo
881 3555 978 3620 asello
1002 3554 1120 3638 quique
1143 3553 1239 3618 etiam
1262 3554 1313 3618 in-

164 3660 252 3723 venit
275 3661 430 3745 quendam
454 3662 622 3727 draconem
645 3683 829 3746 oppressum
858 3660 1034 3744 aquadam
1057 3658 1187 3734 arbore,
1220 3679 1312 3741 quem

163 3765 231 3850 ipse
252 3765 409 3831 liberavit.
453 3767 557 3833 Draco
578 3789 652 3832 vero
676 3771 788 3851 postea
810 3767 911 3831 voluit
933 3765 1094 3831 comedere
1115 3763 1248 3828 asellum
1263 3761 1312 3826 di-

162 3891 254 3952 cens,
285 3872 368 3956 qnod
398 3873 505 3936 omnia
534 3872 673 3936 maxima
700 3871 828 3935 servitia
861 3872 1044 3955 perduntur.
1090 3868 1150 3934 Sed
1174 3866 1311 3932 villanus

162 3975 275 4040 habuit
297 3976 465 4041 consilium
488 3997 559 4041 cum
582 3977 691 4061 vulpe,
715 3998 786 4059 quae
809 3975 934 4040 reduxit
957 3975 1123 4039 draconem
1153 3972 1193 4037 ad
1227 3971 1311 4054 pris·

124 4100 150 4137 11
164 4081 268 4146 tinum
284 4081 387 4146 locum
405 4086 437 4146 et
452 4081 601 4146 liberarit
617 4080 772 4145 villanum
799 4084 831 4142 et
847 4079 981 4143 asinum.
1028 4075 1108 4140 Item
1132 4074 1312 4158 exemplum

163 4185 291 4250 Girardi
313 4185 466 4264 Teneosi,
500 4185 554 4270 qui
583 4189 652 4250 erat
674 4183 764 4269 quasi
787 4183 905 4248 stultus
928 4187 961 4247 11
983 4179 1065 4246 nihil
1087 4179 1225 4244 habebat
1248 4180 1311 4246 nisi

162 4312 260 4357 unum
282 4296 427 4377 gnatum,
450 4291 482 4356 id
505 4295 554 4356 est
572 4289 690 4368 filium,
715 4289 770 4375 qui
791 4290 901 4353 videns
924 4308 1032 4352 omnes
1056 4288 1165 4349 euntes
1187 4287 1228 4349 ad
1250 4287 1309 4352 im·

162 4401 337 4481 putatorem
362 4397 445 4462 dona
466 4395 625 4476 ferentes,
655 4395 701 4461 ait
727 4395 814 4462 intra
836 4415 886 4460 se:
919 4392 1030 4460 radam
1053 4393 1084 4456 et
1106 4411 1165 4476 ego
1187 4390 1228 4456 ad
1250 4392 1310 4459 im·
