3044 4956
676 305 717 370 53

125 479 201 542 sumi
226 479 365 544 laborem
390 479 545 544 omnem?
591 475 680 542 Certe
713 500 776 542 non
811 477 905 542 aliter
930 479 1076 542 statuant
1106 499 1201 560 quam
1224 479 1272 542 te·

123 605 203 648 mere
226 583 452 668 pontificatum
475 581 672 668 oppugnari,
707 584 762 667 qui
787 589 853 652 tam
876 581 973 646 denso
995 603 1112 667 aggere
1134 585 1167 647 et
1189 582 1273 648 vallo

123 689 162 752 sit
183 689 421 772 circumseptus.
457 688 522 754 Cur
544 689 628 752 enim
650 687 735 752 istud
752 709 817 752 non
832 686 998 774 cogitent?
1033 685 1182 752 Pontifex
1204 687 1273 771 ipse

122 794 289 856 maximam
321 797 354 859 et
377 794 505 858 unicam
529 791 754 876 propemodum
777 813 865 875 spem
889 791 923 854 in
946 813 983 856 eo
1006 791 1143 875 positam
1166 790 1271 868 habet.

122 897 178 962 Sed
199 919 271 962 cnm
296 897 336 962 ad
359 899 529 981 scriptura
551 897 717 962 lectionem
740 896 902 974 accedunt,
927 897 1034 962 vident
1057 896 1136 961 illud
1159 897 1272 980 ipsum,

123 1024 180 1086 qno
204 1005 399 1086 torquentur
422 1007 455 1066 et
480 1005 604 1066 tantum
627 1023 690 1065 non
713 1001 946 1079 exanimantur,
970 1023 1037 1066 esse
1051 1002 1211 1086 depictum
1228 1001 1273 1066 ibi

121 1107 202 1171 velut
225 1107 260 1170 in
284 1107 407 1184 tabula,
431 1107 484 1172 sed
508 1107 554 1171 ita
576 1106 745 1190 depictum,
768 1111 805 1170 ut
827 1127 898 1171 cum
921 1107 954 1170 in
977 1107 1107 1171 exordio
1126 1106 1209 1170 nihil
1224 1104 1271 1170 vi·

120 1213 221 1292 deant,
244 1217 363 1296 praeter
386 1213 522 1278 ferratas
543 1213 640 1290 acies,
663 1216 845 1290 centauros,
868 1212 994 1290 leones,
1016 1211 1170 1298 gryphes,
1204 1209 1272 1274 chi·

122 1340 237 1398 meras,
262 1319 374 1403 ignem
398 1318 476 1384 totis
498 1319 628 1384 naribus
650 1340 686 1382 ac
708 1317 852 1382 faucibus
873 1317 1018 1384 efflantes
1042 1316 1209 1392 dracones,
1232 1315 1271 1382 cd

122 1427 294 1490 extremum
317 1423 583 1503 animadvertant,
606 1423 813 1502 haecomnia,
840 1423 962 1488 caelitus
986 1421 1115 1506 delapsa
1134 1420 1272 1498 flamma,

121 1529 221 1595 subito
243 1529 403 1608 consumi,
426 1529 473 1594 sic
494 1532 531 1594 ut
553 1551 593 1594 ne
615 1530 758 1614 reliquiae
780 1530 906 1614 quidem
922 1529 996 1594 ullae
1012 1525 1183 1612 supersint.
1214 1521 1274 1588 vi-

122 1635 193 1700 dent
215 1635 303 1700 enim
327 1657 394 1699 non
417 1634 565 1700 defutura
587 1634 713 1719 quidem
730 1635 875 1700 Romano
890 1633 1034 1720 pontifici
1049 1653 1160 1718 regum
1183 1629 1273 1694 arixi-

121 1740 170 1818 lia,
194 1739 251 1804 sed
274 1739 336 1804 hoc
358 1743 513 1824 praeterea
534 1739 652 1818 vident,
675 1739 831 1818 futurum,
854 1745 909 1817 nt,
944 1759 1006 1824 quo
1028 1735 1196 1802 sublimius
1218 1734 1273 1798 ille

122 1845 315 1920 conscendit,
338 1865 375 1908 eo
398 1843 527 1930 gravim
549 1847 582 1908 et
603 1844 810 1928 periculosius
833 1845 971 1924 decidat,
1004 1849 1036 1908 et
1059 1864 1122 1926 qno
1143 1839 1272 1924 majori-

121 1948 177 2013 bus
199 1949 321 2015 nititur
343 1971 456 2034 regum
479 1949 654 2034 praeeidiis,
689 1973 725 2016 eo
757 1950 973 2016 vehementius
1005 1947 1212 2014 conturbetur
1238 1945 1273 2010 in

122 2055 234 2132 anirno,
259 2053 408 2140 quando,
431 2056 653 2140 progrediente
675 2059 828 2140 perpetuo
850 2057 899 2121 ira
921 2054 980 2120 Dei
1004 2059 1037 2118 et
1058 2051 1161 2138 magis
1183 2049 1273 2116 ebul·

123 2157 231 2237 liente‚
264 2159 429 2244 principes
452 2161 501 2226 vel
523 2183 586 2226 non
610 2164 763 2247 poterunt
785 2163 834 2228 vel
857 2163 954 2229 etiam
976 2159 1173 2244 temporibus
1195 2156 1273 2240 ipsis

123 2263 233 2328 mutati
258 2264 374 2328 nolent
396 2265 426 2328 ei
446 2265 646 2350 praecipitato
667 2271 700 2330 et
723 2269 862 2332 extreme
883 2265 1042 2332 laboranti
1064 2284 1157 2347 opem
1180 2261 1273 2338 ferre,

123 2368 255 2450 qnando,
280 2369 457 2434 destitutus
478 2375 510 2434 et
525 2370 701 2437 denudatus
716 2372 802 2437 omni
819 2372 961 2438 hnmano
974 2368 1130 2456 praesidio,
1154 2365 1274 2431 videbit

125 2471 200 2536 nam
213 2472 273 2538 Dei
289 2477 405 2539 contra
419 2497 453 2540 se
464 2497 592 2559 prorsus
604 2477 842 2558 inflammatam,
859 2478 985 2562 quando
995 2473 1177 2558 Tisiphone,
1193 2471 1275 2535 sicut

127 2580 171 2641 est
191 2577 274 2662 apud
299 2584 419 2664 poetas
458 2581 611 2647 furiarum
634 2583 797 2663 ministra,
820 2585 920 2668 ipsius
942 2583 1040 2668 capiti
1062 2577 1277 2663 sem[Dij]per

127 2683 292 2750 imminens
308 2689 464 2770 perpetuo
479 2687 604 2772 flagello
620 2689 848 2755 conscientiam·
865 2686 1042 2774 exagitabit
1063 2705 1120 2750 nec
1135 2683 1275 2769 quietam

79 2795 85 2808 ‘
127 2809 188 2854 esse
208 2790 387 2875 permittet
433 2791 635 2858 Horrendnm
659 2800 706 2860 est
728 2795 886 2879 profecto,
919 2793 1078 2860 concitare
1101 2791 1181 2854 iram
1205 2785 1274 2866 Dei,

126 2891 361 2977 desperatorum
396 2899 445 2960 est
478 2901 605 2976 autem,
640 2916 710 2964 cum
746 2899 786 2964 ad
815 2898 1038 2983 poenitentiam
1068 2917 1127 2960 nos
1158 2893 1274 2959 invitat

128 2995 215 3076 Dens,
239 3022 308 3065 non
332 3021 502 3085 agnoscere
524 3025 630 3069 rocem
650 3005 719 3088 ejus
741 3009 929 3082 elmerum,
953 3025 989 3070 ac
1004 3001 1201 3086 impietatem
1216 3019 1273 3063 au-

125 3123 194 3187 gere
214 3105 436 3190 blasphemiis.
471 3106 575 3173 Tanta
590 3109 674 3173 enim
697 3115 746 3174 est
767 3107 827 3174 Dei
851 3109 952 3194 patris
974 3129 1051 3193 erga
1071 3127 1128 3172 nos
1150 3101 1275 3168 miscri-

126 3209 225 3274 cordia
245 3215 283 3276 et
305 3210 437 3289 caritas,
471 3216 508 3276 nt
529 3213 734 3295 quantumvis
756 3213 950 3279 facinorosos
972 3217 1004 3277 et
1027 3213 1142 3295 impios
1165 3206 1275 3274 multis

126 3317 156 3376 et
176 3315 270 3382 claris
296 3315 420 3380 indiciis
443 3320 538 3399 atque
560 3317 661 3402 signis
688 3319 728 3384 ad
758 3319 982 3402 peonitentiam
1014 3321 1104 3382 vocet
1134 3337 1170 3380 ac
1200 3314 1275 3378 vite

126 3422 386 3488 emendationem.
439 3421 641 3488 Acerbiorem
676 3428 710 3489 et
740 3426 955 3490 nocentiorem
988 3423 1112 3488 hostem
1146 3417 1277 3484 ccclesia

126 3525 238 3592 Christi
264 3528 320 3592 vix
343 3527 458 3592 habuit
481 3528 580 3592 ullum
603 3551 698 3613 quam
719 3531 911 3614 pontificem,
935 3527 1074 3614 spatium
1089 3531 1196 3591 tamen
1211 3523 1275 3588 lar·

127 3631 208 3715 gitur
229 3634 261 3700 ei
288 3631 372 3698 Dens
395 3635 429 3696 et
449 3632 560 3712 otium,
585 3638 621 3698 ut
642 3635 743 3700 scelus
767 3640 927 3721 agnoscat,
951 3638 987 3699 nt
1002 3633 1128 3699 veniam
1143 3627 1276 3714 supplex

128 3741 209 3820 petat
230 3743 267 3804 et
290 3739 328 3804 de
349 3737 455 3804 officio
478 3761 533 3804 suo
556 3741 683 3826 cogitet.

130 3841 209 3908 Anni
231 3848 311 3910 sunt
333 3844 452 3929 viginti
475 3845 632 3929 quinqua,
656 3850 688 3910 et
709 3868 746 3911 eo
768 3847 859 3930 plus,
884 3867 946 3930 quo
971 3843 1111 3929 primum
1133 3843 1276 3922 tempore

690 3965 708 4004 ar

190 4051 263 4136 [33]
281 4050 325 4117 m
340 4051 433 4118 seind
449 4073 515 4116 nun
531 4053 685 4139 nwentzig
704 4054 755 4138 jar
777 4055 841 4120 und
865 4048 1009 4130 dantber,
1033 4050 1088 4116 das
1109 4070 1184 4114 man
1207 4046 1276 4112 im¹

129 4153 257 4224 batus
281 4159 338 4224 inn
363 4158 416 4224 die
438 4155 577 4224 Carthen
600 4163 638 4225 an
661 4159 766 4224 eehen.
812 4159 887 4224 Wie
918 4157 963 4222 vil
990 4155 1187 4233 schreibens,
1217 4153 1277 4217 wie

195 4385 207 4440 1
225 4383 264 4439 im
283 4384 360 4452 (dem
377 4381 585 4456 Ncbenhcnpt).
