3082 4938
107 493 237 574 ceptam
267 488 306 552 de
337 511 392 566 re,
428 509 527 572 qnam
555 511 646 554 nemo
680 492 784 576 neget.
830 487 951 554 Similis
983 490 1077 576 plane
1110 490 1192 557 ratio
1224 494 1272 558 est

113 600 297 658 nostrorum
323 597 514 678 temporum.
547 591 579 658 Si
599 616 662 658 non
685 599 946 678 conspuroassent
967 596 1075 660 omniu
1096 597 1272 681 pontifices,

112 700 179 764 nisi
203 699 373 765 crudeliter
396 703 429 762 et
452 721 546 764 arare
567 699 723 784 egissent,
752 703 783 764 et
806 699 833 762 si
856 699 1040 763 mandatum
1065 699 1141 784 ipsis
1164 724 1183 766 a
1205 701 1272 768 Deo

112 826 234 868 munus
256 803 428 888 diligenter
461 803 653 882 obivissent,
687 803 771 868 nihil
802 825 880 887 opus
912 804 993 868 esset
1023 803 1115 868 hodie
1144 805 1272 892 litigare

113 931 213 994 snper
235 907 296 974 hoc
318 911 526 994 argumento,
560 914 591 972 et
621 930 661 972 ne
684 909 875 993 cogitassent
898 907 1023 992 quidem
1046 907 1190 974 homines
1213 911 1272 974 ali-

114 1013 196 1098 quid
212 1014 343 1098 hujusoe
358 1014 413 1078 rei.
446 1014 507 1077 Sed
524 1014 672 1097 quoniam
688 1013 749 1097 ipsi
766 1012 931 1078 materiam
955 1035 991 1078 ac
1014 1014 1111 1078 veluti
1133 1013 1271 1102 segetem

114 1123 281 1204 perpetuae
302 1118 370 1184 litis
386 1118 584 1198 invexerunt,
608 1141 739 1204 eamque
754 1117 955 1183 vehementer
969 1117 1062 1184 hodie
1077 1141 1272 1204 persequun-

115 1231 184 1302 tur,
209 1246 288 1308 opus
311 1227 377 1301 est,
400 1227 438 1288 ut
459 1223 565 1288 lumen
590 1223 717 1308 aliquod
741 1221 913 1300 inferatur,
936 1244 999 1306 quo
1021 1223 1151 1308 propius
1174 1223 1273 1288 videri

116 1351 216 1393 eausa
237 1329 341 1412 possit
362 1331 395 1392 et
417 1327 591 1412 dijudicari.

208 1433 252 1498 Et
275 1432 431 1518 principio
454 1433 579 1516 quidem
602 1437 722 1498 eertum
746 1437 803 1512 est,
831 1455 902 1498 eum
925 1432 1023 1498 luisse
1046 1432 1202 1498 duntaxat
1224 1453 1274 1496 11-

115 1539 224 1603 cleeiae
248 1537 400 1603 Romanae
423 1538 611 1623 episcopum.
657 1538 720 1603 Cur
752 1538 838 1603 enim
867 1538 949 1602 alius
978 1559 1045 1603 esse
1077 1537 1188 1603 debeat
1219 1541 1275 1602 eut

119 1643 227 1726 major
253 1665 348 1726 quam
371 1644 438 1724 illi,
470 1645 524 1727 qui
546 1665 601 1728 per
624 1649 743 1708 ceteras
767 1643 920 1721 diciones,
944 1642 1073 1722 Asiam,
1097 1641 1221 1728 Syriam
1244 1648 1276 1708 et

122 1749 314 1836 Egyptum,
337 1751 476 1816 ecclesiis
490 1750 706 1836 praefuerunt?
744 1749 831 1814 Adeo
853 1769 927 1814 vero
950 1747 1071 1812 nullam
1094 1751 1171 1814 tunc
1193 1753 1275 1814 tern-
1358 1811 1361 1818 ,

120 1855 211 1940 poris
235 1855 349 1920 habuit
372 1860 581 1940 potestatem,
613 1860 650 1920 ut
680 1856 777 1920 etiam
805 1857 838 1918 in
863 1854 999 1919 latebras
1022 1853 1135 1918 abdere
1156 1876 1190 1918 se
1212 1875 1276 1918 non

120 1981 197 2024 raro
220 1966 406 2046 cogeretur,
430 1960 688 2045 persequentibus
712 1959 868 2045 evangelii
891 1958 1117 2043 professionem
1140 1959 1276 2042 impera·

121 2063 261 2142 toribus,
285 2065 324 2128 ad
347 2069 506 2130 trecentos
528 2066 654 2132 circiter
676 2088 785 2145 annos,
810 2087 872 2149 quo
890 2070 1033 2150 tempore
1049 2062 1277 2128 Constantinus

124 2167 233 2234 Caesar
256 2168 376 2235 Christi
399 2171 586 2258 religionem
610 2170 772 2256 amplexus
795 2170 866 2235 fuit.
912 2169 954 2234 Et
976 2168 1028 2232 hio
1050 2190 1125 2232 sane
1148 2167 1276 2232 dubium

124 2279 263 2338 nonest
290 2277 368 2360 quin
400 2298 518 2362 magna
545 2278 676 2342 caritate
706 2275 987 2357 benevolentiaque
1019 2273 1062 2337 sit
1095 2273 1279 2356 prosecutus

128 2380 294 2446 ministros
314 2387 347 2447 et
370 2382 513 2448 doctores
528 2382 625 2459 verbi,
650 2382 703 2446 sed
719 2384 842 2446 tantam
861 2380 927 2464 ejus
942 2378 1166 2442 liberalitatem
1183 2375 1280 2440 fuisse

697 2503 715 2542 a

125 2591 227 2656 allein
251 2596 405 2677 gewartet
427 2591 555 2670 hetten,
584 2592 644 2656 wie
665 2591 795 2669 billich,
826 2611 908 2654 were
930 2589 1010 2653 euch
1033 2588 1116 2652 diser
1138 2585 1200 2650 neit
1222 2606 1280 2670 gar

126 2695 282 2780 unnotig,
313 2717 377 2760 ron
402 2695 500 2759 disem
524 2695 764 2782 Argumentari
794 2695 907 2771 reden,
938 2693 1004 2758 und
1028 2713 1060 2756 es
1084 2691 1190 2756 wdrde
1212 2690 1280 2755 uie·

127 2798 226 2864 mand
251 2821 290 2864 au
313 2799 404 2865 dison
426 2801 519 2864 streit
542 2801 678 2886 gedacht
707 2800 821 2864 haben.
866 2797 968 2862 Dweil
991 2797 1036 2862 sie
1059 2819 1091 2861 es
1114 2797 1187 2862 uber
1211 2797 1278 2860 ein·

125 2901 265 2990 gestiret,
288 2905 362 2988 [28]
386 2906 450 2970 und
473 2907 533 2970 ietz
555 2928 613 2992 gar
635 2906 753 2990 triitzig
775 2899 1042 2978 111111111111111,
1066 2904 1152 2966 mdst
1174 2923 1206 2964 es
1229 2922 1277 2964 11-

126 3010 230 3074 oliret
253 3010 399 3088 werden,
433 3011 533 3075 dumit
562 3011 641 3075 aller
670 3009 805 3074 falsoher
836 3008 902 3073 und
931 3010 1151 3092 ungegrtinter
1174 3005 1278 3085 wolin,

129 3113 300 3200 hingelegt
323 3115 447 3178 werden
471 3119 554 3201 mog.

129 3220 206 3286 [lud
231 3219 415 3305 anfenglich
440 3219 497 3282 ists
519 3219 641 3304 kundig
663 3219 727 3282 und
751 3217 865 3303 gewis,
899 3217 954 3280 dns
982 3238 1016 3279 er
1047 3215 1136 3279 nichs
1167 3215 1279 3277 anders

128 3345 275 3410 genesen
300 3324 343 3388 ist
364 3323 441 3406 (keu
465 3322 543 3388 auch
567 3323 617 3387 nit
639 3323 729 3386 mehr
751 3323 833 3406 sein)
863 3321 948 3386 daun
970 3321 1020 3384 eiu
1045 3318 1188 3384 Bischoff
1206 3319 1281 3383 oder

132 3430 283 3515 pfarherr
316 3433 353 3494 zd
388 3429 511 3507 Rham,
548 3427 651 3513 gleich
688 3427 746 3492 wie
777 3427 810 3490 in
842 3426 972 3504 Indien,
1008 3408 1178 3510 llgypten,
1219 3424 1285 3489 und

130 3534 275 3598 anderen
298 3533 387 3596 mehr
409 3537 510 3611 orten,
534 3532 683 3612 Bisehoff,
706 3532 781 3598 oder
803 3530 958 3616 Evangeli
979 3529 1142 3615 prodiger,
1165 3529 1197 3592 iu
1223 3530 1281 3593 den

130 3643 254 3704 stitten
280 3637 336 3702 hin
360 3639 424 3703 und
449 3638 543 3702 wider
565 3659 680 3702 waren.
717 3636 782 3702 Hat
805 3635 884 3700 auch
907 3635 1048 3699 dazilnrul
1073 3655 1107 3696 so
1130 3654 1188 3718 ger
1210 3633 1283 3696 kein

131 3744 291 3810 anaehens
315 3741 421 3822 mehr,
450 3743 505 3808 das
527 3766 566 3814 er,
583 3744 642 3808 offt
664 3743 731 3808 sein
754 3743 844 3807 leben
868 3745 907 3806 ad
928 3743 1084 3816 crretten,
1120 3737 1212 3802 dweil
1235 3736 1285 3801 die

133 3849 305 3915 Romimhe
328 3847 440 3914 Keiser
469 3849 523 3914 das
551 3847 706 3934 Evangeli
737 3846 932 3932 verlolgten,
967 3843 1035 3910 sich
1068 3842 1125 3908 hat
1159 3836 1284 3906 iniissen

133 3955 319 4040 verbergen.
362 3952 437 4019 Und
461 3953 526 4018 also
548 3953 620 4018 hats
643 3952 816 4038 gestauden
840 3951 899 4014 wol
924 3949 975 4014 bei
999 3947 1043 4031 iij.
1068 3944 1206 4011 hundert
1224 3943 1284 4027 jar,

133 4059 216 4126 nach
246 4059 302 4124 des
325 4057 454 4123 Herreu
485 4057 547 4122 tod.
593 4057 637 4122 Zd
668 4058 801 4121 welcher
829 4055 891 4120 neit
913 4053 1024 4119 Keiser
1047 4051 1285 4128 Constantinus,

134 4168 183 4232 die
206 4164 402 4232 Chriatliehe
434 4163 499 4228 lere
528 4163 591 4227 und
620 4163 757 4248 glauben
788 4181 986 4246 angenornen
1015 4159 1080 4222 bat.
1126 4153 1199 4218 Und
1231 4154 1286 4218 das
1397 4191 1399 4196 ,

135 4271 312 4360 obgemelte
327 4269 456 4344 Keiser,
478 4290 532 4331 aus
554 4290 679 4354 grosser
702 4267 799 4332 frewd
822 4266 886 4330 und
905 4266 971 4329 lust
985 4287 1039 4329 zur
1055 4262 1212 4348 Religion,
1237 4262 1288 4326 die

138 4377 307 4466 plarrherr,
333 4375 402 4442 und
428 4373 484 4438 des
504 4372 654 4460 Evangeli
677 4375 842 4460 prediger,
867 4371 947 4436 anch
970 4370 1020 4434 die
1042 4367 1208 4526 vgrstende
1231 4365 1287 4432 Bi-

175 4500 299 4544 wnn
1047 4473 1057 4526 l
