3172 4958
153 1151 447 1250 INCIPIUN
449 1156 489 1247 Τ
513 1153 839 1249 CAPITULA
853 1156 1028 1250 LIBRJ
1043 1155 1303 1266 QUARTI.

233 1293 296 1366 nn
323 1293 417 1384 me,
446 1292 556 1378 oon
585 1293 711 1368 sono
740 1295 931 1370 oonrm
959 1293 1230 1367 neronom.

199 1554 256 1620 De
277 1555 387 1620 vitio
410 1554 752 1640 intemperantia
774 1554 988 1621 contrario
1011 1553 1259 1620 modestia&

397 1729 454 1794 De
476 1729 693 1815 murilego
716 1733 755 1794 et
777 1750 919 1813 poree,
944 1751 1013 1814 oap.
1040 1737 1066 1794 l.

132 1883 146 1923 ⁶
250 1869 363 1936 Stabat
399 1871 573 1956 murilegus
605 1871 638 1934 in
667 1869 832 1955 splendido
861 1871 970 1955 prato,
1008 1868 1158 1953 lingendo
1194 1868 1306 1954 lingua

156 1975 272 2060 pellem
294 1997 383 2040 susm
414 1981 452 2041 ut
474 1975 609 2060 polleret
630 1976 726 2040 etiam
748 1975 960 2040 adhaerentem
985 1975 1145 2058 pulverem
1169 1975 1304 2059 expiare,

159 2081 213 2146 sed
252 2084 363 2148 eontra
398 2103 512 2168 porcus
548 2103 611 2147 non
649 2082 744 2167 longe
781 2080 814 2144 in
843 2101 933 2144 ooeno
961 2078 1090 2158 foetido,
1124 2079 1200 2144 hino
1233 2079 1306 2144 inde

159 2184 323 2270 perfusus,
347 2190 451 2252 eutem
474 2188 574 2273 spinis
603 2186 821 2272 turpissimam
841 2185 1013 2270 jactatione
1034 2184 1215 2270 hujusmodi
1238 2207 1306 2250 am·

158 2291 244 2376 plina
259 2291 449 2359 sordidabat.
497 2292 535 2370 O,
562 2293 677 2378 inquit,
701 2314 797 2376 quam
812 2287 1042 2356 omoenissimns
1057 2290 1137 2356 mihi
1151 2291 1251 2355 lectus
1274 2294 1306 2355 et

117 2412 143 2450 1⁰
159 2399 262 2462 status
283 2398 337 2463 hio
359 2402 407 2462 est
431 2398 640 2476 dulcissimus,
664 2420 756 2482 quam
780 2397 858 2463 mihi
875 2395 1167 2462 detestabilissimus
1184 2417 1304 2475 census,

158 2505 327 2585 quamtam
338 2502 467 2570 fruibile
478 2504 626 2570 balneum
637 2504 724 2569 esrni
736 2524 824 2580 meae,
834 2524 916 2588 aqua
927 2501 1096 2587 refrigerii,
1113 2500 1199 2565 stilla
1214 2499 1305 2579 roris,

158 2607 383 2673 transcendens
412 2630 526 2694 nempe
548 2609 664 2674 Libani
690 2609 818 2686 letioes,
851 2606 1000 2672 Damasei
1031 2611 1063 2670 et
1086 2604 1309 2671 Panormitani

157 2708 263 2776 fontes
285 2713 318 2776 et
332 2712 366 2776 in
389 2712 467 2798 boys
489 2717 522 2778 et
543 2713 665 2780 haniois
688 2713 816 2778 lavaero
836 2708 1031 2796 sospitatis².
1078 2709 1187 2795 Atque
1208 2708 1307 2776 muri·

158 2814 249 2900 tagus
271 2815 345 2880 dum
368 2816 428 2882 hoo
459 2818 615 2884 dicentem
646 2819 680 2884 in
704 2819 795 2884 sorde
818 2819 997 2884 volutatum
1029 2817 1172 2894 audiret,
1202 2815 1309 2901 indig-

119 2935 145 2975 1⁶
160 2922 255 2984 netus
278 2921 463 2987 adverbum
485 2928 518 2989 et
533 2923 733 2998 abominatus
754 2923 934 2989 accubitum
957 2926 1073 3001 mente,
1096 2943 1170 2986 voce
1186 2941 1311 3006 quoquo

159 3023 286 3088 clariori
309 3024 376 3092 haee
402 3027 502 3092 dixit:
536 3029 573 3092 de
595 3028 736 3094 falsitate
760 3029 834 3093 telis
865 3028 1059 3094 extollentiae
1082 3027 1185 3092 multo
1206 3025 1309 3111 magis

160 3149 254 3212 quem
289 3129 326 3195 de
364 3131 577 3198 immunditiei
615 3132 760 3198 ioeditete
795 3134 950 3211 dolerem,
988 3133 1067 3211 nisi,
1101 3135 1139 3196 ut
1167 3131 1228 3195 tibi
1259 3152 1309 3194 re·

159 3232 275 3300 ferrem
291 3235 412 3318 aliquid
428 3257 484 3320 per
500 3237 670 3323 eloquium,
695 3245 815 3324 parunt
823 3259 873 3302 me
896 3237 1072 3304 direxisses.
1119 3237 1202 3314 Quid
1225 3235 1310 3300 enim

160 3337 220 3404 hoo
241 3343 289 3404 est
312 3340 367 3406 nbi
385 3341 493 3425 janes?
523 3341 570 3408 At
591 3343 646 3408 ille
662 3344 841 3428 respondit:
867 3344 970 3407 lutum
994 3362 1189 3425 coenumque.
1220 3338 1311 3404 Tune

118 3460 145 3498 ²⁰
159 3445 332 3530 murilegus
354 3445 547 3530 increpando
570 3447 730 3530 adjunxit:
758 3447 835 3526 bene
858 3467 891 3512 es
905 3467 1030 3532 ponens,
1054 3445 1129 3531 quia
1145 3443 1309 3509 delectaris

159 3548 194 3612 in
223 3546 362 3627 foetidis,
394 3549 605 3635 impingueris
634 3551 668 3615 in
692 3550 838 3616 sordibus
869 3554 902 3616 et
924 3551 1042 3616 letaris
1065 3551 1100 3614 in
1122 3550 1215 3614 rebus
1238 3567 1309 3630 pes·

159 3652 258 3720 simis.
305 3653 363 3720 Cui
385 3674 498 3738 porcus
520 3655 691 3739 impatiens
713 3656 809 3721 dixit:
834 3655 927 3735 vade,
956 3655 1063 3739 judioe
1086 3675 1191 3720 mures
1217 3658 1308 3730 tuos;

159 3760 236 3845 quid
251 3760 339 3825 ‘mihi
361 3764 394 3826 et
416 3761 501 3828 tibi?
536 3763 581 3826 At
610 3763 681 3828 ille:
712 3763 792 3829 bena
814 3761 1046 3828 Salomonieum
1068 3763 1135 3838 est,
1165 3780 1229 3824 non
1259 3780 1310 3823 er·

159 3887 256 3953 guere
278 3866 459 3947 derisorem,
481 3883 521 3932 ne
537 3867 639 3933 oderit
661 3871 704 3934 te.
748 3867 902 3934 Attamen
924 3865 1088 3950 pestilenti
1112 3865 1196 3928 muri
1215 3864 1311 3948 judex

120 3993 146 4033 m
160 3971 352 4038 auctoritate
373 3976 496 4036 naturae
518 3973 712 4038 constitutus
735 3993 804 4038 snm
827 3995 918 4051 suus,
947 3976 980 4037 et
1001 3970 1062 4035 tibi
1085 3967 1258 4045 immundo,
1283 3967 1311 4032 si

160 4077 305 4162 percipis,
329 4079 443 4142 notura
455 4077 489 4142 in
502 4077 643 4142 moribus
666 4081 823 4144 oorreetor
837 4099 908 4144 sum
924 4081 1014 4155 tuum
1041 4079 1074 4142 te
1088 4095 1225 4160 namque
1246 4073 1310 4139 lin-

728 4180 741 4210 ἢ

233 4251 246 4306 1
266 4249 318 4306 Die
338 4249 506 4307 tiberaohrift
524 4249 617 4304 leutet
634 4249 664 4306 in
683 4250 710 4305 d.
729 4267 807 4321 ausg.
827 4268 853 4305 v.
873 4251 955 4308 1630:
981 4251 1079 4307 eontra
1103 4249 1243 4305 amatores
1260 4245 1311 4301 im·

162 4337 316 4395 munditiae.
353 4337 439 4394 21>ia
458 4337 741 4394 atelleleutetind.
761 4355 839 4410 anag.
865 4355 891 4394 v.
912 4339 979 4396 1630
998 4355 1041 4395 aa:
1064 4335 1195 4393 Damasei
1219 4335 1311 4391 fontes

162 4427 192 4482 et
209 4424 413 4484 Panormitam
430 4425 534 4484 balnea
552 4425 700 4498 sospitate!
