3172 4958
832 347 893 409 100

280 513 462 598 gratissima
485 513 580 578 tellus
603 536 721 599 pascua
743 515 851 602 gignit
883 521 915 581 et
938 517 1036 582 donee
1058 515 1174 582 vixerit
1196 537 1267 598 cor,
1291 517 1434 582 membra

280 619 408 703 singule
431 619 584 697 calefacit,
608 619 706 704 hepar
729 621 842 699 nutrit,
867 624 1029 687 cerebrum
1052 644 1161 688 sensus
1184 624 1316 688 animat
1362 621 1431 708 lgi-

280 727 333 787 tur
365 723 505 788 liberalis
535 723 679 788 beneficii
712 729 882 810 perpetuus
912 731 961 792 est
992 727 1140 795 influxus.
1187 726 1307 804 Quibus
1339 726 1434 794 dictis

280 829 382 914 magis
405 828 571 895 Danubius
595 829 791 896 redundavit.

252 1039 573 1119 ⁶Proverbium,
597 1041 705 1124 quod
727 1039 929 1108 liberalis
951 1043 1072 1110 velox
1096 1047 1157 1109 est
1179 1043 1432 1109 addendum.

542 1214 598 1280 De
619 1214 706 1280 sole
728 1217 768 1279 et
790 1215 996 1300 ealigine,
1020 1240 1087 1302 cap.
1113 1223 1163 1282 24.

366 1353 446 1420 Cum
467 1357 595 1419 exortus
619 1354 667 1418 sol
690 1354 723 1418 in
746 1354 850 1438 primo
865 1355 1023 1440 principio
1045 1357 1188 1437 orientis,
1213 1357 1431 1443 copiosissima

277 1460 347 1523 fusa
354 1459 433 1538 luce,
445 1460 608 1525 tenebram
621 1458 760 1543 undique
769 1458 809 1522 ab
817 1458 1003 1525 habitabilis
1018 1461 1113 1546 pleno
1128 1462 1342 1546 hemispherio
1357 1485 1431 1529 mox

278 1563 431 1648 fugasset,
455 1563 558 1648 caligo
579 1563 724 1628 deorsum
751 1562 798 1626 sio
827 1566 999 1646 conquesta
1030 1564 1131 1653 eidem
1160 1569 1210 1631 est
1239 1565 1364 1631 dicens:
1395 1571 1433 1632 ut

240 1690 265 1728 ιο
281 1671 356 1753 quid
380 1672 479 1734 tantae
501 1668 682 1754 largitionis
705 1668 843 1751 impetu,
877 1672 968 1732 tanto
991 1669 1156 1752 repentino
1180 1670 1357 1736 emissionis
1380 1672 1432 1736 in·

276 1773 364 1838 fluxu
386 1773 548 1838 radiorum
564 1777 691 1838 tuorum
707 1772 848 1858 fulgores
863 1793 959 1857 super
974 1777 1092 1839 terram
1108 1773 1242 1840 fudisti?
1264 1773 1433 1860 Numquid

278 1899 343 1942 non
366 1878 443 1942 satis
459 1882 537 1958 erat,
562 1877 669 1942 debita
684 1878 899 1943 moderatione
921 1879 1079 1964 paulatim
1101 1879 1233 1945 influere
1255 1885 1288 1945 et
1310 1880 1358 1946 ita
1380 1903 1432 1946 me

278 1982 428 2047 curialius
450 1981 594 2045 modesta
616 1980 842 2046 contrarietate
864 1979 1001 2066 fugaret
1023 1981 1068 2047 Ae
1091 1983 1146 2046 ille
1167 1983 1351 2066 respondit:
1382 1987 1431 2048 te-

278 2087 378 2152 nebra
400 2105 432 2150 es
465 2089 497 2149 et
527 2084 597 2150 ideo
621 2085 975 2170 ignorantiaeaeoiuts
996 2087 1115 2152 referte
1136 2087 1219 2152 sieut
1241 2087 1373 2152 tenebra
1396 2109 1431 2152 es

239 2211 264 2250 rs
278 2189 393 2255 locuta.
431 2187 594 2256 Nimirum
611 2191 769 2256 nescivisti
786 2192 914 2256 modum
937 2190 1079 2256 liberalis
1102 2191 1290 2256 donationis.
1327 2190 1432 2258 Nam·

279 2318 339 2381 que
362 2317 432 2361 eum
455 2317 574 2382 magna
595 2295 744 2360 voluntas
766 2297 800 2360 in
823 2295 926 2361 dando
949 2299 1005 2375 est,
1031 2297 1060 2360 si
1082 2295 1216 2361 facultas
1239 2297 1337 2374 adest,
1364 2318 1431 2361 uon

277 2401 381 2466 minor
405 2404 452 2466 est
475 2403 509 2465 in
532 2400 722 2466 effundendo
754 2401 912 2466 velocitas.
959 2398 1013 2464 Sic
1045 2401 1099 2484 qui
1132 2399 1291 2466 effundere
1323 2401 1433 2486 potuit
1570 2441 1572 2472 .

278 2511 310 2571 et
333 2507 468 2584 distulit,
491 2507 603 2590 utique
625 2505 807 2590 concupivit
829 2507 912 2590 quod
935 2505 1051 2584 tenuit,
1074 2525 1133 2570 nee
1154 2506 1320 2570 voluntate
1334 2505 1433 2590 plena

278 2611 374 2676 dedit.
420 2609 549 2675 Clarum
578 2614 626 2674 est
647 2611 810 2694 speculum
832 2610 940 2674 liberes
962 2609 1137 2675 voluntatis
1159 2609 1291 2675 effusiva
1316 2609 1430 2675 eeleri-

238 2734 264 2772 πο
277 2719 327 2779 tas
335 2715 523 2780 donationis.
551 2713 760 2797 Easiquidem
768 2715 872 2782 lucide
880 2714 1040 2799 panditur,
1051 2714 1135 2799 qnod
1142 2714 1252 2795 virtus,
1265 2735 1330 2780 uon
1344 2713 1431 2798 quod

278 2820 386 2898 datur,
411 2821 543 2883 ametur.
600 2817 715 2883 Virtus
747 2823 852 2884 autem
885 2821 921 2883 in
942 2818 1044 2884 libera
1072 2818 1236 2884 voluntate
1266 2818 1424 2885 consistit.

278 2925 439 2990 Audivisti
463 2924 545 3007 quod
552 2923 619 3006 jam
643 2924 676 2988 in
692 2923 859 3007 proverbio
875 2924 993 2988 utitur:
1018 2924 1073 3008 qui
1092 2924 1156 2988 cito
1171 2923 1235 3002 det,
1253 2923 1302 2988 bis
1317 2924 1426 2987 donat.

277 3027 401 3113 Nempe
423 3028 482 3104 bis,
506 3029 581 3111 quia
603 3028 799 3092 voluntatem
824 3031 857 3092 et
878 3027 1035 3112 placidam
1057 3049 1141 3106 rem,
1172 3032 1229 3092 aut
1260 3030 1344 3092 certe
1374 3024 1427 3090 bis

278 3135 343 3213 dat,
368 3133 443 3219 quia
464 3133 497 3197 in
521 3155 556 3196 re
579 3136 611 3196 et
634 3132 667 3196 in
692 3131 865 3198 voluntate.
911 3131 1004 3196 Unde
1019 3132 1054 3195 in
1069 3133 1235 3196 voluntate
1250 3153 1314 3197 uon
1330 3131 1428 3208 dedit,

239 3256 265 3294 2⁵
281 3239 336 3324 qui
369 3242 474 3303 toturn
506 3237 544 3302 de
573 3236 651 3302 foris
684 3257 777 3320 opere
807 3236 925 3301 donaro
946 3236 1095 3302 tardavit.
1140 3234 1289 3319 Namque
1311 3234 1366 3300 ubi
1389 3235 1430 3300 ad

278 3345 416 3408 dandum
455 3342 589 3407 facultas
627 3339 719 3404 affuit
755 3344 787 3404 et
829 3340 975 3405 interfuit
1015 3341 1166 3420 tarditas,
1205 3340 1252 3404 ibi
1280 3340 1430 3405 voluntas

278 3471 342 3513 uon
374 3449 446 3513 fuit.
495 3447 618 3511 Revera
647 3445 675 3509 si
705 3445 780 3509 dare
808 3446 973 3531 diligitur,
1009 3467 1073 3510 non
1106 3446 1259 3510 tardatur.
1315 3443 1431 3530 Neque

279 3554 362 3616 enim
395 3551 480 3617 aliud
508 3549 730 3634 principaliter
760 3550 862 3635 magis
885 3549 1026 3614 liberalis
1060 3549 1199 3614 intendit
1232 3571 1327 3634 quam
1357 3550 1428 3629 hoc,

279 3658 361 3742 quod
390 3655 464 3719 dare
493 3655 674 3718 virtualiter
703 3654 812 3720 voluit.
858 3653 959 3719 Porro
981 3655 1007 3720 si
1029 3654 1171 3719 liberalis
1200 3657 1249 3719 est
1281 3655 1430 3735 donator,

239 3779 265 3818 ³⁰
279 3761 440 3826 laetifieum
463 3758 563 3823 videri
598 3758 685 3822 decet
717 3780 768 3836 eo,
802 3759 886 3842 quod
917 3759 1022 3823 minus
1051 3760 1225 3844 gaudenter
1255 3759 1432 3843 suscipitur

278 3885 393 3930 munus
426 3864 562 3928 tardum.
608 3862 766 3943 Attende,
802 3885 926 3947 quaeso,
962 3868 1082 3947 quanto
1112 3865 1234 3947 impetu
1265 3885 1285 3927 a
1313 3868 1432 3930 natura

278 3969 346 4033 nati
369 3968 473 4033 fontes
496 3967 692 4047 scaturiunt,
716 3968 804 4033 venti
826 3968 1019 4047 funduntur,
1044 3968 1158 4032 eoelum
1181 3968 1216 4032 in
1238 3967 1430 4034 beneficium

277 4073 416 4138 volvitur
438 4077 471 4138 et
492 4073 713 4138 substantialis
736 4074 838 4138 forma
860 4073 1001 4138 materiae
1023 4073 1057 4136 in
1079 4076 1186 4137 atomo
1202 4074 1355 4156 temporis
1371 4095 1426 4139 co·

276 4179 415 4262 pulatur.
462 4177 655 4243 Beneficium
679 4199 754 4261 ergo
777 4183 898 4264 quanto
916 4179 1011 4242 datur
1033 4177 1182 4255 velocius,
1206 4181 1298 4242 tanto
1321 4179 1427 4245 libeu-

238 4283 362 4360 ectius,
394 4285 514 4366 quanto
536 4282 706 4363 libentius,
738 4287 829 4348 tanto
851 4283 1034 4361 liberalius,
1066 4285 1098 4347 et
1118 4285 1239 4366 quanto
1262 4283 1429 4350 liberalius

276 4387 425 4467 traditur,
448 4391 540 4452 tento
556 4388 659 4462 carius
675 4389 811 4454 sumitur
835 4393 868 4454 et
879 4388 1048 4473 jucundius
1068 4387 1257 4472 possidetur.
1304 4389 1430 4468 Quibus
