3172 4958
694 340 734 400 47

135 515 266 578 tentum
287 509 434 594 perfeeto
456 509 617 574 venustati
638 508 744 572 minus
760 511 818 586 est,
843 509 917 592 quia
932 509 1079 576 cornibus
1094 513 1198 576 cares!
1221 507 1288 576 Nc-

137 639 200 702 que
223 616 308 680 enim
331 618 415 680 certe
437 612 565 676 infirmo
588 612 767 677 seruitum
790 612 925 696 superba
957 617 989 678 et
1010 617 1082 680 tuta
1104 615 1214 680 debuit
1237 637 1288 678 ar·

137 724 265 794 motura
296 719 418 796 deesse,
454 717 591 783 maxime
622 739 696 784 eum
729 739 798 808 sem
832 719 1021 784 concesserit
1050 720 1146 808 simul
1180 741 1286 785 raooae.

137 826 208 892 Aut
236 825 318 889 forte
349 822 458 888 livoris
489 822 595 888 neseis
617 823 760 906 quaedam
783 822 913 908 reliquit
936 823 997 887 arti
1021 828 1145 889 natura.
1189 823 1288 890 Simia

109 931 268 1016 equidem
289 927 469 1010 suppletivs
492 930 559 992 erte
582 926 726 992 induitur
757 931 789 992 et
819 927 1003 1013 magisterio
1033 951 1144 997 aurum
1174 934 1207 994 et
1236 952 1287 994 ar·

138 1040 273 1118 gentum
296 1033 426 1118 politur.
472 1030 506 1096 Si
528 1031 576 1096 vis
598 1052 674 1117 ergo
697 1032 804 1116 perfici
828 1053 943 1110 cornu,
974 1033 1048 1098 audi
1075 1033 1232 1098 monitum
1256 1039 1289 1098 et

136 1139 264 1205 imitere
295 1139 442 1214 ductum,
472 1136 622 1219 quoniam
651 1137 691 1200 ad
720 1137 909 1222 magistrum
930 1141 963 1201 te
985 1136 1122 1222 dirigam
1142 1139 1209 1222 jam
1233 1162 1287 1204 ex·

136 1248 273 1330 portum.
320 1241 365 1307 At
397 1241 453 1306 illa
483 1262 547 1305 non
579 1244 646 1306 tam
674 1241 853 1306 mobilitate
884 1242 1020 1306 feminea
1052 1264 1147 1325 quem
1177 1242 1287 1308 volens

136 1371 237 1416 cornu
258 1347 448 1431 sequebatur
476 1347 677 1425 mendacem,
707 1347 761 1412 sed
793 1348 846 1431 pia
877 1351 962 1412 sorte
993 1346 1066 1412 dolo
1098 1352 1198 1430 capta
1225 1347 1289 1413 fuit

93 1481 122 1518 ιο
136 1454 250 1520 obvius
272 1474 400 1530 cervus,
430 1451 484 1535 qui
513 1456 646 1516 miratus
669 1453 708 1516 de
730 1452 816 1518 socia
837 1452 935 1516 dixit:
967 1474 1030 1537 qno
1052 1453 1214 1538 vulpinam
1238 1474 1287 1518 se-

138 1559 245 1644 queris
269 1556 424 1622 caudam?
453 1557 511 1622 uui
533 1577 642 1622 cerva:
666 1557 785 1642 quippe
799 1561 892 1622 tauto
908 1557 985 1622 duce
1000 1558 1039 1623 ad
1055 1579 1166 1623 ursum
1181 1559 1286 1638 tendo,

136 1669 174 1728 nt
197 1663 279 1730 siout
302 1666 334 1725 et
354 1663 392 1725 tu
416 1661 563 1726 cornibus
585 1661 755 1746 gaudeam:
777 1685 818 1727 an
842 1661 927 1726 solus
948 1685 1099 1747 apparere
1114 1664 1161 1728 vis
1177 1685 1286 1748 super-

136 1768 191 1832 bia
214 1767 414 1832 masculina?
437 1766 488 1831 Ad
510 1766 571 1834 hoc
594 1767 649 1831 ille
671 1771 796 1832 astutus
819 1770 983 1852 utriusqus
1006 1770 1146 1834 sentiens
1169 1769 1288 1835 fastum

136 1875 169 1938 et
192 1871 309 1950 dolum,
332 1871 441 1936 amisse
452 1893 630 1956 compassus
646 1875 749 1937 totum
765 1895 856 1938 suum
874 1872 980 1938 fundit
996 1874 1101 1938 uisum
1118 1874 1287 1940 exhortatu

95 2003 122 2042 ιι
138 1977 298 2061 dixitque:
332 1997 445 2062 nempe
475 1980 607 2061 propter
636 1998 754 2042 cornua
782 1999 874 2042 ursus
908 1977 995 2042 dedit
1023 1979 1129 2062 quiete
1158 1980 1286 2044 virtutis

136 2083 327 2160 auriculam,
363 2103 452 2162 care,
488 2105 527 2146 ne
560 2087 597 2147 tu
632 2081 769 2148 deterius
800 2083 935 2148 amittas
965 2083 1080 2167 pellem
1115 2089 1148 2148 et
1177 2085 1286 2150 vitam.

135 2187 238 2252 Ursus
262 2208 398 2270 namque
420 2187 636 2272 interrogatus
668 2212 688 2253 a
708 2189 804 2272 lupo,-
833 2193 870 2252 ut
900 2188 976 2274 qnid
1008 2188 1122 2253 faciem
1152 2210 1287 2271 pronam

136 2291 252 2370 ferret,
282 2292 465 2376 respondit:
499 2293 574 2376 quia
605 2293 705 2358 babeo
736 2294 839 2359 debile
869 2297 973 2378 caput.
1018 2291 1076 2357 Oui
1107 2294 1200 2377 lupus
1223 2295 1285 2359 ait:

136 2397 228 2462 muni
250 2397 355 2480 ipsum
377 2396 534 2474 comibus,
559 2396 609 2462 bis
632 2419 708 2483 ergo
730 2401 826 2482 eaput
838 2397 974 2463 armavit
992 2399 1107 2462 natura
1122 2396 1286 2474 bovinum,

94 2527 123 2564 so
138 2503 216 2567 vade
240 2503 279 2566 sd
302 2501 462 2568 hominem
486 2507 554 2567 arte
578 2503 721 2568 dotatum
751 2506 783 2566 el
805 2506 911 2586 ponet.
957 2501 1025 2578 Quo
1056 2501 1187 2566 invento
1219 2523 1284 2566 ma·

137 2607 239 2692 gister
260 2607 324 2671 ait:
348 2608 433 2672 solve
456 2629 513 2691 pro
535 2607 652 2686 labore,
677 2609 747 2673 volo
769 2607 842 2686 hoe,
863 2607 946 2692 quod
969 2607 1043 2672 dare
1065 2626 1129 2671 non
1154 2609 1283 2684 noceat:

137 2712 167 2776 si
189 2711 360 2778 branobam
385 2715 543 2796 peterem,
576 2733 641 2776 non
664 2713 771 2791 dares,
804 2713 844 2778 da
875 2711 955 2777 mihi
978 2731 1068 2776 aures
1099 2713 1130 2775 et
1154 2711 1200 2774 nil
1222 2710 1307 2776 tibi,

137 2819 239 2880 nocet.
286 2817 356 2894 Quo
378 2817 503 2881 volente
526 2817 620 2882 scidit
635 2839 686 2884 eas
709 2823 742 2883 et
757 2818 860 2883 ferens
876 2819 1036 2896 melleum,
1060 2819 1098 2880 ut
1109 2816 1287 2900 perforaret

136 2921 280 2986 cranium
303 2920 379 3004 ejus,
402 2921 539 2986 audivit:
563 2921 711 2988 fatuusne
727 2945 813 3000 sum,
836 2925 873 2986 ut
895 2921 1035 3006 perfores
1058 2922 1138 2986 mibi
1168 2922 1286 3004 eaput?

94 3047 121 3086 rs
137 3024 198 3101 Qui
220 3025 283 3090 ait:
305 3024 398 3090 aliter
421 3025 482 3089 tibi
504 3046 622 3090 cornua
643 3047 708 3090 uon
731 3029 902 3110 ponuntur.
950 3026 1041 3092 Tune
1064 3048 1155 3091 ursus
1171 3025 1284 3090 abbre-

136 3130 231 3195 viatis
263 3129 392 3194 auribus
424 3129 551 3213 inquit:
584 3129 663 3195 bene
695 3131 780 3196 enim
810 3131 917 3196 fatuus
950 3131 1005 3214 qui
1039 3151 1158 3194 cornua
1187 3130 1288 3213 eupit,

136 3235 244 3319 perdit
266 3235 361 3312 enim,
384 3237 422 3300 ut
444 3233 550 3312 video,
573 3241 668 3320 caput
691 3237 893 3301 discretionis
914 3240 947 3301 et
969 3258 1059 3301 aures
1084 3236 1198 3319 quietae
1221 3235 1285 3299 vir-

135 3342 226 3406 tutis.
272 3339 315 3406 Et
347 3341 392 3406 sie
420 3341 569 3405 abscissis
603 3341 733 3406 curibus
764 3341 832 3405 sine
863 3341 1012 3406 cornibus
1048 3340 1128 3405 abiit
1161 3340 1285 3403 illusus.

136 3443 189 3510 An
212 3446 340 3528 ignoras
363 3445 456 3529 quod,
480 3446 555 3510 dum
578 3446 700 3511 amittit
723 3467 841 3510 cornua
862 3445 957 3523 luna,
988 3445 1026 3509 fit
1047 3443 1168 3508 lumine
1191 3463 1289 3507 saeua

94 3571 121 3608 so
137 3555 170 3614 et
191 3554 324 3615 cornuta
338 3550 443 3637 Moysi
454 3550 549 3616 facies
578 3551 739 3618 contuitus
768 3551 860 3616 liberi
876 3550 1040 3630 dulcedine
1063 3553 1095 3614 et
1112 3549 1287 3613 velamento

137 3657 187 3718 est
207 3652 355 3738 privato?
386 3655 582 3740 Illoqueatur
612 3656 739 3741 quidem
767 3677 861 3722 vacca
890 3678 947 3741 per
977 3677 1095 3722 cornua
1125 3657 1232 3719 aratro
1255 3655 1287 3716 et

136 3759 195 3824 bos
217 3780 324 3825 servus
345 3762 404 3826 sub
428 3763 506 3827 duro
525 3764 605 3848 jugo
628 3762 752 3827 assidue
776 3762 847 3827 duci
871 3763 951 3826 solet
974 3783 1030 3845 per
1046 3780 1172 3824 cornus.
1211 3755 1286 3821 Non

137 3864 285 3942 attendis,
314 3865 397 3948 qnod
420 3868 501 3931 nulli
524 3868 698 3934 scelestium
721 3871 836 3952 praeter
858 3871 1019 3952 trapotam
1043 3885 1141 3934 cornu
1165 3861 1310 3947 pondus¹

137 3970 334 4054 apponitur?
370 3969 430 4036 Sed
461 3995 497 4036 so
528 3974 694 4038 dumtaxat
724 3995 781 4037 uos
804 3972 923 4038 terreni
946 3969 1124 4056 gravemur.
1172 3968 1289 4044 0111111·

95 4093 122 4132 ³⁶
137 4072 245 4138 obrem
269 4080 301 4140 et
324 4097 383 4160 ego
406 4078 562 4162 serpentis
587 4077 704 4142 haustu
727 4078 894 4143 comburor
924 4075 1074 4151 interius,
1105 4079 1142 4138 ut
1171 4071 1289 4154 possim

137 4180 306 4243 vetustatis
340 4181 463 4262 pondus
497 4183 652 4266 deponere
684 4203 791 4247 cornu.
847 4181 930 4258 Quid
957 4179 1074 4264 plural
1114 4175 1290 4241 bestialitas

136 4282 265 4367 quidem
298 4285 475 4350 eommunis
509 4287 688 4352 ostenditur
720 4289 776 4351 aut
807 4307 905 4351 cornu
936 4287 992 4349 aut
1022 4282 1138 4360 cauda,
1171 4281 1291 4363 depone

136 4387 237 4476 igitur
260 4389 380 4454 fastum
404 4393 437 4454 et
460 4389 536 4476 fuge
558 4413 674 4470 cornu,
709 4413 748 4456 ne
773 4391 842 4456 dira
865 4393 896 4455 te
918 4389 1020 4455 laniet
1041 4387 1163 4474 ungula
1185 4405 1287 4450 ursus.
