3160 4960
825 319 846 383 4

261 491 416 576 siquidem
435 492 584 558 vitiorum
600 495 686 555 totus
701 491 838 575 impetur
855 493 1067 559 subvertatur.
1102 493 1178 558 Haec
1192 494 1318 578 quidem
1335 492 1415 556 vitia

262 605 397 683 quatuor
412 602 488 661 aunt
512 596 670 660 dementia
692 601 724 660 et
747 596 903 680 superbia,
928 619 997 680 quae
1014 598 1273 682 magnanimitati
1296 602 1328 662 et
1352 596 1414 660 hu-

261 701 390 766 militati
414 702 573 766 contraria
604 705 681 765 sunt
715 701 783 782 (ubi
816 703 900 766 enim
932 724 995 767 non
1027 707 1076 766 est
1098 703 1264 767 humilitas
1287 701 1415 786 magni-

261 807 338 871 tudo
368 807 465 871 animi
502 828 607 870 vecors
630 806 761 872 audacia
789 809 867 891 est),
898 809 1046 873 similiter
1080 813 1186 874 autem
1220 809 1353 873 avaritia
1381 811 1415 871 et

234 912 516 998 vintemperantia.
563 911 638 977 Haeo
661 935 797 997 namque
820 914 875 978 illa
898 919 1034 999 quatuor
1056 921 1132 979 sunt
1155 936 1224 999 quae
1246 911 1308 978 Job
1331 913 1415 977 bona

262 1017 470 1099 diripuerunt.
502 1015 625 1102 Quippe
641 1016 752 1084 Sabaei
776 1019 916 1083 stultitia
931 1026 1090 1084 vastantes
1107 1020 1201 1084 boves
1224 1018 1413 1103 prudentie,

262 1121 400 1187 Chaldaei
432 1122 579 1207 superbia
602 1124 736 1186 camelos
767 1125 1044 1206 magnanimitatis
1071 1124 1230 1201 tollentes,
1254 1123 1340 1209 ignis
1362 1123 1413 1186 lu-

262 1227 360 1292 xuriae
388 1248 460 1292 oves
493 1228 658 1292 munditiae
690 1229 876 1294 comburens
899 1251 935 1294 ac
957 1235 1070 1295 ventus
1093 1231 1268 1312 impetuose
1291 1250 1327 1291 ac
1346 1227 1414 1290 vio-

261 1333 389 1396 lenter¹
419 1333 561 1397 avaritiae
592 1333 715 1396 irruens
744 1333 872 1397 domum
902 1334 957 1398 ubi
980 1335 1183 1399 convivantes
1209 1337 1286 1398 sunt
1308 1333 1414 1396 decem

225 1453 250 1490 1⁰
264 1443 422 1521 praecepta
452 1439 585 1522 justitiae
616 1437 760 1503 funditus
792 1439 949 1504 subvertit
968 1438 989 1503 ².
1030 1439 1106 1504 Haee
1133 1439 1260 1523 quidem
1278 1441 1415 1522 quatuor

264 1542 319 1606 illa
335 1542 404 1606 dira
421 1563 540 1608 cornua
555 1547 632 1606 sunt
647 1563 717 1627 quae
741 1545 975 1609 ventilaverunt
986 1545 1079 1628 juxta
1095 1543 1278 1610 vaticinium
1295 1540 1414 1606 Zacha-

262 1647 318 1711 riae
325 1645 346 1711 J
348 1649 467 1712 udaeam
481 1655 512 1711 et
522 1646 620 1711 Israel
633 1652 665 1711 et
674 1649 757 1713 bona
770 1649 826 1713 illa
835 1657 979 1732 quatuor,
997 1670 1076 1733 quae
1088 1648 1257 1713 secundum
1270 1645 1415 1711 Johelem

264 1752 488 1816 insatiabiliter
510 1759 707 1830 voraverunt,
733 1755 852 1818 scilicet
870 1775 963 1818 eruca
978 1753 1171 1818 verecundiae
1183 1751 1205 1831 ³,
1222 1751 1344 1816 locusta
1356 1772 1412 1814 vo·

263 1856 360 1920 lentis
376 1857 541 1940 superbiae,
566 1857 702 1922 bruchus
719 1864 806 1922 totus
829 1863 862 1922 et
876 1865 989 1924 ventus
1005 1856 1197 1922 insatiabilis
1214 1855 1355 1920 avaritiae
1382 1857 1416 1918 et

224 1977 249 2014 1⁶
263 1961 377 2048 rubigo
401 1963 540 2027 ardentis
553 1962 695 2028 luxuriae.
734 1962 973 2046 Quadripertito
989 1984 1063 2047 ergo
1079 1983 1173 2046 opere
1188 1962 1413 2045 procedemus:

263 2068 367 2150 primo
391 2073 521 2151 agentes
543 2073 655 2133 contra
678 2068 940 2152 imprudentiam,
974 2068 1109 2132 secundo
1132 2067 1279 2130 adversus
1303 2085 1414 2147 super-

264 2171 360 2250 biam,
384 2173 496 2237 deinde
518 2178 628 2239 eontra
644 2174 820 2252 avaritiam,
844 2173 983 2238 finaliter
999 2178 1109 2237 contra
1125 2168 1414 2254 intemperantiam,

264 2282 300 2343 ut
322 2277 380 2342 sub
393 2283 482 2361 petra
498 2279 617 2343 domini
640 2280 743 2343 nostri
766 2279 841 2344 Jesu
864 2278 982 2342 Christi
1005 2277 1155 2342 vitiorum
1177 2296 1312 2362 regnum
1336 2295 1416 2358 qua·

264 2382 396 2467 druplex
433 2385 467 2447 in
502 2385 608 2449 eadem
639 2389 746 2450 statua
775 2383 1068 2449 Nabuchodonosor
1101 2382 1170 2444 visa
1201 2397 1257 2463 per
1290 2376 1416 2442 somnia
1506 2429 1514 2445 .

224 2506 249 2543 ²⁰
262 2487 423 2554 feriamus.

759 2619 761 2623 >
823 2609 840 2647 a

338 2698 349 2750 l
372 2695 483 2752 Andura
494 2697 651 2768 unrichtig:
671 2695 810 2753 violentis.
847 2695 998 2751 annuere:
1017 2693 1218 2748 subvertentes.
1268 2691 1285 2743 3
1304 2687 1416 2743 Anders

264 2783 370 2839 besser:
390 2783 533 2840 vecordia.
610 2788 625 2839 1
646 2783 756 2839 Andere
772 2783 930 2852 unrichtig:
950 2781 997 2836 sic.
