3146 4962
272 479 484 561 cujuscunque
510 494 605 540 nasus
630 475 783 562 frigescit,
806 474 915 540 dentes
931 474 1124 561 nigrescunt,
1148 473 1245 540 facies
1260 472 1431 558 pallescit,
1543 470 1550 571 l

271 603 359 646 venae
381 585 413 644 et
435 581 524 646 nervi
547 581 686 665 corporis
709 585 912 665 rumpuntur,
936 602 999 658 eor,
1023 585 1060 644 ut
1082 579 1208 657 dicitur,
1231 600 1297 664 pree
1320 577 1434 642 nimio

272 685 375 750 calore
408 685 580 762 dividitur,
616 686 723 751 omnia
752 685 893 751 membra
922 690 1085 770 tamquam
1117 685 1207 772 ligna
1237 687 1270 748 et
1299 682 1435 767 lapides

273 801 427 858 arescunt.
472 789 565 856 Nihil
587 791 620 856 in
645 790 762 856 mundo
784 794 849 856 tarn
873 789 1108 856 abhominabile
1130 795 1163 855 et
1183 789 1358 854 tediosam
1386 787 1432 851 si·
1549 797 1553 809 '

246 901 327 962 ⁵eut
350 897 480 960 cadaver
503 897 636 972 mortui;
662 896 695 960 in
718 897 809 981 equis
824 917 889 962 non
905 896 1082 981 projicitur,
1105 918 1147 960 ne
1168 915 1258 980 aqua
1272 893 1434 958 infician-
1552 929 1554 958 r

271 1005 344 1078 tur,
368 1002 402 1066 in
424 1006 580 1068 serenos
603 1002 823 1086 suspenditur,
856 1025 896 1066 ne
918 1007 971 1067 adr
994 1006 1229 1086 corrumpatur,
1261 999 1317 1066 sed
1340 999 1436 1064 sicut
1557 997 1558 1000 ’

272 1129 428 1172 venenum
451 1109 622 1191 pessimum
645 1108 677 1170 in
691 1107 813 1172 foveam
835 1107 1001 1191 projicitur
1023 1112 1064 1184 et,
1088 1129 1129 1171 ne
1151 1106 1288 1192 amplius
1312 1103 1432 1168 video-
1547 1131 1548 1134 ¹

272 1216 334 1289 tur,
358 1215 443 1278 terra
465 1233 558 1296 super
580 1212 685 1295 ipsum
708 1211 855 1276 velociter
878 1211 1062 1276 tumulatur.
1097 1210 1176 1276 lllcoe
1191 1211 1295 1296 gloria
1311 1208 1433 1274 mundi

273 1317 409 1399 qualiter
424 1316 598 1382 clauditur!
632 1315 795 1382 Clauditur
810 1317 844 1382 in
861 1316 952 1382 fores
967 1316 1176 1394 foetidissima,
1199 1315 1254 1381 ubi
1277 1316 1345 1399 ejus
1372 1335 1436 1377 cor

146 1483 148 1497 ,
235 1445 259 1480 ιο
273 1422 454 1498 marcescit,
477 1428 693 1487 emarcescunt
716 1421 799 1486 oculi
821 1422 854 1484 in
878 1443 933 1486 sua
954 1419 1159 1498 fortitudine,
1190 1442 1281 1485 aures
1304 1420 1435 1484 eadunt

274 1527 455 1610 decapite,
479 1549 573 1590 nasus
597 1527 790 1610 exstirpatur
813 1525 851 1590 de
875 1525 963 1604 fecie,
988 1527 1100 1611 lingua
1123 1525 1278 1610 putrescit
1301 1525 1335 1590 in
1360 1547 1433 1604 ore,
1551 1529 1558 1550 ¹

274 1654 327 1698 eor
350 1632 416 1714 ejus
439 1635 547 1714 erepat
570 1633 602 1696 in
626 1653 764 1716 corpore.
810 1629 870 1697 Sed
893 1631 963 1707 heu,
987 1632 1048 1696 heu
1071 1630 1162 1706 mihi,
1185 1629 1322 1706 domine,
1347 1631 1432 1713 quid

274 1736 358 1802 oculi
380 1735 620 1802 delectabuntur
642 1737 746 1802 videre
771 1735 921 1820 pulchra,
945 1758 1035 1801 aures
1059 1736 1167 1800 audire
1190 1756 1288 1812 rana,
1325 1757 1431 1799 nasus

273 1842 404 1908 odorare
426 1841 553 1916 suevia,
585 1842 699 1926 lingua
719 1841 807 1924 loqui
829 1841 936 1924 turpia
959 1845 990 1904 et
1013 1840 1162 1919 inutilia,
1197 1861 1231 1904 os
1255 1839 1433 1924 degustare
1552 1833 1553 1838 ’

235 1969 260 2006 rs
275 1947 388 2024 duleis,
412 1967 467 2010 eor
490 1946 629 2030 cogitare
651 1968 732 2010 rana
754 1950 786 2010 et
807 1945 892 2012 vilia.
939 1945 1031 2012 Unde
1053 1945 1247 2011 Bernardus:
1270 1945 1348 2029 quid
1370 1967 1431 2010 su·
1546 1930 1551 1939 ¹

275 2051 389 2136 perbis,
414 2050 517 2135 pulvis
540 2055 572 2114 et
594 2051 690 2128 einis,
723 2051 809 2133 cujus
831 2055 1001 2134 conceptus
1024 2051 1138 2134 eulpa,
1173 2050 1259 2115 nasci
1282 2051 1427 2128 miseria,

275 2157 379 2220 vivere
401 2177 495 2239 poena
519 2161 550 2219 et
573 2156 654 2220 mori
678 2156 847 2241 angustia?
892 2155 1054 2240 Praecipue
1087 2157 1190 2234 enim,
1224 2177 1296 2221 cum
1328 2157 1429 2222 miser

276 2261 369 2326 horno
392 2261 432 2326 ad
461 2265 595 2326 mortem
618 2261 668 2325 vel
699 2262 736 2325 ad
766 2266 957 2326 senectutem
989 2261 1146 2338 declinat,
1182 2281 1235 2326 cor
1258 2262 1325 2345 ejus
1349 2283 1430 2327 eon·
1555 2327 1559 2352 4

276 2367 406 2444 cutitur,
429 2369 525 2450 caput
546 2364 713 2451 affligitur,
737 2366 868 2451 languet
890 2365 1041 2450 spiritus,
1066 2365 1156 2430 seut
1179 2365 1350 2444 anhelitus,
1374 2365 1427 2430 fa-

193 2525 197 2535 .
236 2493 262 2530 ao
275 2473 339 2536 cies
354 2475 497 2556 rugatur,
521 2473 644 2534 statura
665 2472 821 2546 curvatur,
845 2471 985 2556 caligant
1000 2469 1092 2546 oculi,
1116 2469 1268 2535 vacillant
1283 2472 1427 2550 articuli,

275 2599 366 2644 neres
382 2575 533 2652 defluunt,
556 2575 657 2638 crines
675 2575 833 2652 deficiunt,
857 2575 965 2639 dentes
980 2578 1174 2658 putrescunt,
1191 2576 1273 2640 vires
1289 2577 1425 2655 amittit,

276 2683 368 2748 modo
391 2682 481 2746 laetus
506 2681 597 2743 modo
620 2680 721 2744 tristis
744 2681 836 2744 modo
860 2680 1004 2744 infirmus
1034 2679 1180 2744 efficitur.
1226 2677 1253 2744 Ο
1280 2681 1426 2748 conditio

277 2789 408 2863 misera,
442 2801 538 2868 quare
569 2807 632 2849 non
656 2784 812 2862 advertis,
846 2807 942 2868 quam
964 2784 1153 2850 miserabilis
1176 2785 1219 2850 sit
1242 2784 1309 2850 haec
1334 2787 1426 2852 vite?

277 2892 445 2957 Considera
467 2912 542 2976 ergo
557 2891 716 2975 genitores
739 2893 771 2954 et
793 2893 941 2974 paternos
965 2893 996 2954 et
1023 2895 1247 2969 antecessores,
1271 2912 1343 2956 oum
1360 2915 1428 2958 non

237 3031 262 3067 es
276 3021 328 3062 eos
351 2996 500 3074 invenies,
521 2999 553 3060 et
576 2999 611 3059 ut
635 2995 812 3060 Bernardus
836 2995 958 3078 inquit:
982 2995 1031 3060 dic
1052 2995 1144 3074 mihi,
1167 2996 1223 3061 ubi
1243 3001 1318 3062 sunt
1334 3019 1423 3062 arna·

278 3109 362 3168 tores
384 3101 511 3178 mundi,
542 3102 597 3183 qui
624 3103 698 3164 ante
720 3122 819 3182 pauca
841 3104 984 3182 tempora
1006 3099 1167 3166 nobiscum
1191 3103 1305 3166 erant?
1339 3102 1424 3166 nihil

278 3230 316 3272 ex
339 3207 379 3272 iis
401 3208 553 3271 remansit
577 3204 637 3269 uisi
654 3205 784 3284 cineres,
808 3209 841 3270 et
865 3204 935 3270 ideo
958 3204 1008 3268 die
1023 3204 1112 3282 mihi,
1136 3227 1249 3288 quaeso,
1276 3206 1331 3270 ubi
1347 3214 1425 3272 sunt

278 3314 422 3390 barones,
445 3311 691 3414 ubilprinoipes,
716 3311 771 3374 ubi
793 3309 967 3393 primates?
997 3315 1081 3374 certe
1102 3312 1193 3392 quasi
1216 3311 1329 3375 umbra
1351 3335 1423 3396 per·

279 3417 486 3482 transierunt·
507 3421 539 3481 et
572 3416 605 3478 in
639 3414 775 3479 nihilum
806 3415 924 3479 redacti
958 3420 1042 3480 sunt.
1087 3413 1170 3478 Item
1205 3414 1423 3501 Augustinus:

238 3557 263 3594 sc
276 3523 355 3588 vade
377 3521 416 3586 ud
438 3519 650 3604 sepulchrum,
674 3520 779 3603 accipe
802 3541 871 3584 ossa
886 3523 918 3584 et
933 3519 1082 3596 discerne,
1106 3521 1133 3583 si
1149 3523 1248 3602 potes,
1272 3522 1343 3604 quis
1367 3523 1422 3590 do-

277 3629 392 3704 minus,
416 3626 486 3709 quis
509 3647 634 3702 servus,
660 3625 730 3708 quis
753 3625 893 3709 pulcher,
917 3625 987 3708 qnis
1011 3625 1176 3702 deformis,
1201 3625 1272 3709 quis
1296 3628 1425 3708 nobilis,

279 3735 349 3818 quis
365 3731 526 3817 ignobilis,
551 3735 621 3812 quis
637 3730 771 3814 sapiens,
797 3731 866 3812 quis
889 3731 1002 3807 ideota,
1025 3735 1057 3795 et
1080 3730 1117 3794 de
1132 3730 1192 3796 hoc
1214 3753 1278 3796 non
1310 3735 1429 3818 poteris

277 3858 507 3922 recognoscere.
552 3835 643 3902 Unde
665 3836 779 3921 cogita,
803 3836 885 3900 unde
907 3835 1040 3914 veneris,
1065 3840 1096 3899 et
1118 3836 1275 3916 erubesce,
1297 3839 1353 3903 ubi
1382 3862 1427 3918 es,
1558 3847 1559 3918 j

278 3947 310 4008 et
333 3943 514 4028 ingemisce,
538 3963 600 4025 quo
623 3940 721 4018 vadis,
745 3945 777 4004 et
800 3939 1006 4024 pertimesce,
1041 3945 1078 4004 ut
1111 3941 1255 4024 superius
1285 3945 1428 4010 revenire
1558 3973 1559 4004 f

240 4085 265 4122 2⁶
278 4049 393 4126 valeus,
418 4047 499 4112 unde
521 4046 668 4130 expulsus
691 4045 732 4110 es.
781 4047 870 4123 Quod
894 4045 985 4112 nobis
1010 4051 1159 4129 praestare
1183 4046 1332 4132 dignetur
1361 4049 1429 4127 ille,
1558 4035 1559 4038 ¹

281 4153 337 4236 qui
372 4152 440 4236 sine
470 4152 534 4217 fine
557 4153 637 4216 vivit
664 4157 696 4216 et
725 4157 839 4238 regnat
873 4174 928 4236 per
962 4151 1069 4216 omnia
1103 4151 1208 4216 secula
1242 4153 1428 4218 seculorum.

280 4256 393 4322 Amen.
