3172 4958
842 315 883 380 'ld

294 492 428 560 ulterius
443 491 551 558 audito
565 489 731 557 tendentes
747 488 851 556 fracto
867 489 975 556 crauio
991 487 1112 576 gallum
1123 488 1226 556 adhue
1233 489 1453 575 palpitantem

295 598 468 682 reperiunt,
491 597 546 680 qui
562 596 600 662 de
614 600 714 662 tantae
729 595 921 661 calamitatis
934 593 1079 662 illatione
1097 595 1314 682 interrogatus
1330 595 1378 660 sic
1393 617 1453 660 ex·

295 703 420 788 posuit:
453 701 600 766 minerali
628 703 781 768 nimirum
810 723 848 766 ex
880 701 978 766 radiis
1000 700 1236 787 gemmificante
1256 699 1378 766 virtute
1400 699 1454 764 di-

296 812 401 874 tatum
422 805 584 872 cerebrum
607 807 747 891 perdidit
768 809 867 872 semet
889 806 1005 891 ipsum,
1029 828 1102 872 cum
1119 805 1290 872 sitibundas
1308 803 1451 870 avidita-

270 912 338 978 vtis
361 911 466 977 fervor
486 911 527 976 ob
540 911 777 978 desiderabilem
796 911 934 996 lapidem
950 911 1054 976 dirum
1070 911 1237 978 suscitavit
1251 909 1453 976 incendium.

297 1016 468 1101 (lpulentia
490 1017 615 1100 quidem
643 1016 826 1082 divitiarum
847 1014 1059 1082 hostilitatem
1096 1020 1153 1081 aut
1190 1015 1361 1080 ostendens
1394 1017 1454 1079 ant

297 1121 433 1208 gignens
457 1120 633 1205 perniciosa
655 1125 825 1206 paupertas
856 1125 914 1190 est.
958 1121 1055 1186 Hunc
1088 1126 1195 1188 autem
1223 1125 1455 1206 pertranseun-
1567 1129 1569 1144 ¹

297 1231 345 1292 tes
378 1247 449 1292 cum
480 1226 585 1290 scissis
617 1226 766 1292 vitalibus
796 1227 979 1293 semivivam
1009 1227 1213 1294 hirundinem
1244 1227 1453 1302 invenissent,
1567 1247 1569 1260 ‘

297 1332 365 1396 haec
386 1329 464 1415 ipsis
486 1331 674 1396 vastationis
697 1331 791 1415 bajus
814 1333 980 1398 materiam
1001 1354 1152 1399 unacum
1167 1332 1271 1396 verbis
1295 1335 1452 1418 pereunte

257 1452 284 1490 1⁰
298 1434 415 1519 spiritu
423 1433 605 1526 petentibus
614 1435 756 1521 pandens
764 1437 882 1522 inquit:
892 1438 1028 1504 amabile
1036 1437 1248 1504 chelidoniam
1255 1440 1366 1502 venter
1374 1457 1454 1502 oon·

299 1538 429 1623 cipiens,
454 1538 629 1604 insatiabili
644 1540 828 1623 cupiditatis
840 1542 991 1628 voragine
1003 1542 1172 1618 concitata,
1196 1540 1279 1606 hano
1300 1540 1380 1605 mibi
1402 1539 1452 1604 le-

159 1659 167 1670 ‘
297 1643 395 1709 talem
418 1665 490 1708 mox
506 1643 678 1708 odientiam
693 1647 826 1729 peperit,
850 1669 920 1712 suos
933 1668 1070 1730 namque
1091 1667 1293 1731 possessores,
1316 1644 1454 1710 fallaces
1568 1653 1569 1688 ³

296 1747 416 1814 divitiae
438 1747 565 1811 effectus
587 1746 662 1812 dum
678 1749 800 1832 cupidis
824 1751 974 1816 amabiles
989 1751 1137 1828 offerunt,
1159 1751 1201 1816 iis
1217 1747 1351 1816 odibiles
1370 1769 1454 1832 pro-

299 1853 388 1918 dunt.
412 1849 538 1916 Sedhoe
546 1851 675 1918 dimisso
684 1875 755 1919 oum
763 1858 866 1919 castor
874 1855 1050 1940 iisperditis
1057 1855 1251 1940 genitalibus
1263 1857 1455 1931 occurreret,
1567 1871 1569 1926 3

262 1955 473 2042 repetierunt,
496 1958 532 2019 ut
545 1955 622 2038 quid
632 1955 771 2022 salutare
782 1959 891 2043 generi
902 1959 1108 2024 seminarium
1119 1957 1283 2024 deficisset.
1313 1957 1376 2034 Qui
1387 1959 1453 2023 ait:

300 2059 451 2143 quoniam
469 2057 608 2141 judicavi
630 2065 776 2125 sanctum
787 2062 977 2139 antidotum,
1003 2083 1073 2127 oum
1093 2062 1161 2145 jam
1176 2063 1351 2146 pretiosum
1366 2064 1455 2128 exis·

300 2167 392 2242 teret,
415 2184 489 2227 mox
511 2184 583 2228 caro
606 2164 679 2230 vilis
702 2188 738 2231 ac
752 2166 989 2252 concupiscibili
1005 2168 1132 2232 odiosus
1154 2165 1375 2248 aperniciosis
1398 2188 1454 2230 ve-

301 2268 454 2333 nantibus
476 2268 670 2348 infestabar,
706 2291 741 2335 ae
771 2292 811 2336 ne
839 2276 944 2336 totum
974 2295 1047 2356 pars
1070 2271 1216 2355 perderet
1238 2291 1275 2335 ao
1296 2270 1455 2356 genitalia

300 2371 478 2459 genitorem
501 2375 610 2458 cupita
631 2379 803 2454 vastarent,
827 2398 863 2441 ea
886 2381 970 2443 certe
992 2377 1092 2442 malui
1113 2375 1193 2441 mihi
1216 2395 1326 2440 vorare
1348 2375 1454 2440 bosti—
1567 2360 1569 2374 ¹

262 2500 288 2539 ro
301 2480 346 2544 lia
364 2499 458 2562 quam
468 2479 628 2544 amatricis
643 2479 826 2545 divitiarum
849 2485 881 2546 et
903 2482 1039 2547 divitum
1061 2480 1173 2546 hostili
1194 2479 1336 2544 avaritiae
1358 2501 1454 2544 vora·

302 2583 392 2648 citati
418 2603 468 2647 me
483 2583 677 2666 impendere;
701 2584 814 2650 melius
835 2585 920 2650 enim
943 2591 991 2651 est
1013 2607 1088 2671 opes
1110 2605 1206 2668 quam
1227 2583 1341 2648 salutis
1357 2605 1452 2667 opem

301 2686 439 2771 perdere.
486 2686 556 2764 Quo
588 2685 714 2769 quidem
747 2687 858 2753 relicto
889 2711 959 2754 cum
992 2711 1146 2774 pavonem
1170 2687 1378 2753 decandatum
1404 2688 1451 2751 vi-

302 2791 440 2868 dissent,
463 2791 619 2874 quomodo
635 2792 824 2876 perdidisset
844 2793 950 2858 caudae
973 2793 1119 2880 gloriam,
1143 2797 1319 2876 quaerentes
1342 2791 1452 2858 audie-

302 2900 395 2960 runt:
427 2894 580 2959 nimirum
610 2918 706 2962 aurea
735 2897 855 2981 placuit
887 2919 992 2983 penna
1024 2903 1057 2964 et
1087 2898 1203 2962 ideirco
1225 2897 1296 2962 auri
1317 2896 1453 2981 cupidus

264 3019 409 3065 reservas
432 2999 573 3064 avaritiae
594 2999 676 3066 hanc
698 3002 843 3080 ademit,
857 3003 1033 3068 mundiales
1056 3023 1193 3085 namque
1216 3000 1336 3066 divitiae
1359 3021 1456 3084 quem

302 3108 467 3184 exornant,
490 3102 620 3189 fugiunt
642 3105 827 3189 cupiditatis
844 3107 1034 3192 ,durissimas
1056 3107 1096 3172 ad
1118 3105 1263 3191 sagittas.
1310 3102 1454 3168 'laudem

301 3209 460 3274 excoriato
483 3211 608 3292 reperto
630 3209 766 3287 vulture,
790 3231 937 3276 cumenae
957 3211 1149 3278 calamitatis
1165 3210 1331 3275 studerent
1346 3229 1455 3273 cesum

302 3332 479 3399 agnoscere,
497 3313 592 3378 miser
607 3313 689 3380 dixit
703 3315 786 3379 illis:
810 3317 922 3382 cariori
939 3317 1066 3400 quidem
1082 3315 1258 3400 plumapro
1268 3314 1373 3379 carnis
1384 3333 1454 3378 cor-

302 3419 365 3483 tice
380 3421 557 3482 manatura
579 3417 710 3497 dotavit,
733 3420 787 3485 sed
810 3420 967 3484 deliciosis
989 3420 1049 3484 hoo
1071 3419 1191 3503 placuit
1213 3420 1247 3483 et
1261 3439 1335 3482 mox
1351 3417 1454 3482 avaris

264 3543 290 3582 ao
303 3520 429 3586 insidiis
450 3521 557 3604 praeda
572 3521 628 3586 fui.
659 3522 741 3598 Quid
756 3525 842 3588 enim
857 3529 934 3589 sunt
956 3525 1096 3589 carnales
1119 3521 1235 3587 divitiae
1249 3515 1314 3585 nisi
1328 3521 1454 3586 blandi-

303 3631 412 3693 menta
433 3626 593 3706 libidinis,
623 3627 766 3694 fomenta
788 3630 972 3716 cupiditatis
996 3635 1029 3695 et
1051 3650 1147 3694 onera
1168 3627 1307 3692 mortis?
1339 3624 1456 3690 Beatos

303 3735 388 3798 certe
409 3732 465 3817 qui
488 3733 590 3798 caruit
612 3733 667 3798 iis!
697 3731 827 3799 Auditis
856 3756 931 3820 ergo
955 3733 1136 3819 hujusmodi
1159 3731 1326 3796 sententiis
1349 3732 1383 3794 et
1405 3733 1454 3793 ta·

303 3837 388 3902 libus
420 3836 582 3921 tantisque
610 3838 746 3903 divitum
781 3839 1015 3904 calamitatibus
1045 3838 1122 3902 visis
1153 3857 1265 3920 parum
1296 3857 1316 3899 a
1344 3835 1456 3898 semita

304 3941 537 4006 declinantibus
560 3943 850 4027 adquiescendum,
875 3944 985 4027 vulpes
1001 3944 1101 4008 sim-iae
1116 3941 1216 4006 dixit:
1245 3938 1322 4023 quid
1345 3938 1384 4002 de
1398 3960 1454 4003 na·

267 4069 292 4109 aa
306 4051 386 4112 tune
412 4043 535 4112 divitiis
557 4047 681 4114 sentis?
716 4051 762 4112 At
784 4047 839 4112 ille
860 4049 1041 4133 respondit:
1075 4067 1188 4129 nempe
1220 4045 1304 4128 quod
1327 4042 1454 4107 nonnisi

304 4153 506 4236 poenalitates
529 4152 612 4230 sint,
642 4157 760 4218 natura
790 4153 836 4218 sie
865 4173 973 4218 earum
1004 4151 1157 4216 illudente
1182 4167 1379 4234 possessores
1400 4151 1456 4212 aut
1568 4227 1569 4238 ἵ

304 4256 485 4340 hujusmodi
507 4257 741 4324 calamitatibus
764 4257 976 4336 edocentibus,
1000 4277 1067 4322 esse
1086 4256 1174 4320 virus
1196 4253 1346 4339 putandae
1368 4257 1451 4318 sant

304 4360 399 4428 Hunc
420 4367 527 4430 autem
549 4362 709 4443 edentem,
732 4363 824 4428 illum
839 4361 1016 4441 exoculent,
1039 4361 1113 4428 hnio
1130 4359 1295 4428 cerebrum
1311 4360 1451 4439 vastant,
