3146 4962
789 279 853 344 264

248 479 320 534 cus,
352 453 488 538 accipito
523 452 644 534 placide
674 451 828 538 pleneque
851 451 979 516 laudare
1001 455 1168 516 memento.
1215 448 1276 514 Sed
1298 449 1399 514 multi

249 561 341 626 hodie
363 581 427 623 non
449 557 581 622 laudant
604 562 741 636 tantum,
766 558 829 622 imo
851 561 962 622 contra
983 556 1199 622 benefactores
1223 555 1401 620 falsifican-

249 670 311 730 tur.
356 663 448 730 Unde
469 663 597 748 legitur,
625 662 718 745 quod,
743 685 813 727 cum
837 663 966 748 quidam
989 685 1044 727 rex
1067 662 1236 746 quemdam
1258 661 1402 726 amicum

249 792 342 835 suum
365 790 459 853 super
481 789 590 832 omnes
613 768 817 847 sublimaret,
851 770 918 852 ipse
951 769 1090 854 cogitare
1119 768 1215 851 eoepit
1237 766 1323 831 intra
1345 787 1401 830 se:

223 895 304 941 orer
328 876 381 939 hic
403 896 453 938 me
476 877 602 937 tantum
624 873 803 952 honoravit,
828 872 910 958 quod
926 895 1089 957 nunqnam
1105 895 1158 938 ero
1174 873 1265 936 liber.
1310 870 1400 946 Qua-

250 985 380 1066 propter
402 981 439 1044 de
462 983 563 1043 morte
585 978 669 1063 regis
693 979 788 1064 coepit
820 1001 886 1043 esse
908 978 1082 1055 sollicitus,
1115 1000 1170 1042 rex
1202 981 1307 1043 autem
1337 976 1403 1040 hoc

251 1085 352 1150 sciens
373 1083 485 1150 citavit
500 1105 590 1159 eum3
613 1084 746 1148 veritate
768 1087 929 1168 comperta
948 1084 1112 1167 judicavit,
1137 1105 1208 1148 eum
1231 1082 1316 1148 trahi
1340 1105 1401 1167 per

251 1190 420 1256 civitatem.
467 1187 527 1264 Qui
550 1189 625 1252 dum
648 1187 841 1268 traheretur,
873 1208 981 1254 omnes
1004 1190 1203 1274 projciebant
1233 1189 1401 1254 immunda

251 1317 346 1380 super
368 1317 458 1373 eum,
481 1295 549 1379 ipse
572 1315 644 1359 vero
666 1295 825 1377 patienter
847 1293 954 1360 omnia
976 1295 1130 1361 sustinuit
1152 1317 1210 1380 pro
1233 1317 1290 1372 eo,
1314 1294 1402 1379 quod

213 1421 238 1457 ιο
252 1399 286 1462 in
310 1420 367 1462 sua
387 1399 597 1481 prosperitate
619 1420 782 1481 nunquam
805 1399 908 1464 fuerat
930 1397 1024 1464 alicui
1048 1398 1209 1481 placidae,
1241 1397 1305 1463 imo
1328 1421 1400 1463 om·

252 1504 346 1568 nibus
373 1501 526 1586 superbus
558 1507 590 1566 et
618 1502 762 1568 infestus.
817 1502 877 1568 Sed
908 1525 978 1568 eum
1010 1503 1138 1588 quidam
1168 1503 1236 1587 ejus
1266 1505 1401 1584 amicus,

253 1629 346 1692 quem
369 1611 532 1690 tamquam
561 1628 594 1671 se
623 1608 793 1684 dilexerat,
819 1609 954 1691 jactaret
982 1629 1075 1694 super
1107 1629 1177 1672 eum
1206 1609 1345 1694 lapidem
1367 1613 1403 1674 et

253 1733 365 1798 parum
386 1712 490 1795 ipsum
516 1717 662 1798 tangeret
684 1734 777 1797 super
803 1713 939 1798 digitum
961 1713 1060 1797 pedis,
1084 1713 1273 1779 vociferatus
1297 1718 1347 1778 est
1368 1719 1402 1779 et

255 1818 521 1903 quamplurimum
546 1818 761 1883 contristatus.
786 1817 871 1882 Dum
892 1840 967 1882 vero
990 1819 1035 1883 sic
1057 1822 1179 1883 tractus
1202 1822 1277 1884 ante
1292 1840 1400 1904 regem

216 1946 241 1984 1⁵
257 1926 467 2009 praesentatus
491 1926 582 2000 esset,
606 1923 652 1988 ait
675 1945 729 1988 rex
750 1923 922 1988 ministris:
946 1923 1082 2007 qualiter
1102 1921 1215 1988 habuit
1231 1924 1327 1988 miser
1340 1925 1402 1990 iste

256 2051 289 2094 se
311 2029 346 2093 in
368 2027 536 2112 passione?
558 2027 619 2103 Qui
641 2028 887 2112 responderunt:
914 2028 991 2092 satia
1013 2028 1181 2112 patienter,
1205 2030 1257 2093 sed
1282 2030 1320 2094 de
1342 2031 1402 2095 tali

256 2135 321 2199 ictu
344 2133 479 2198 nimium
501 2133 693 2199 lamentatus
723 2138 779 2199 est.
825 2132 893 2199 Rex
923 2137 1029 2198 autern
1052 2134 1264 2220 interrogavit
1285 2137 1401 2219 ipsum,

257 2239 393 2324 qualiter
424 2238 468 2303 sic
490 2238 600 2303 doluit.
653 2237 711 2303 (lui
739 2238 812 2304 ille:
842 2239 991 2322 quoniam
1022 2240 1126 2322 ipsum
1159 2240 1245 2304 ultra
1274 2245 1402 2306 caeteros

257 2365 432 2410 amaveram
456 2347 489 2408 ct
510 2344 550 2408 eb
572 2365 607 2408 eo
631 2344 783 2408 auxilium
807 2344 981 2428 sperabam,
1005 2367 1069 2410 non
1092 2347 1297 2409 tormentum.
1344 2346 1404 2411 Oui

218 2471 244 2509 ao
257 2473 328 2516 rex:
359 2451 396 2516 de
418 2471 471 2514 ore
494 2453 550 2514 tuo
578 2455 611 2515 te
631 2450 755 2534 judico,
786 2472 874 2514 serve
904 2471 1054 2534 nequam3
1089 2451 1134 2514 sic
1163 2432 1267 2516 fecisti
1290 2457 1404 2518 contra

258 2557 327 2620 me!
356 2555 448 2620 Unde
474 2555 521 2619 ait
542 2554 712 2619 ministris:
740 2555 784 2618 ite
805 2557 838 2618 et
858 2555 892 2618 in
916 2553 1059 2639 patibulo
1082 2555 1186 2638 ipsum
1208 2557 1404 2641 suspendite,

258 2661 341 2726 sicut
371 2660 486 2745 dignus
511 2665 567 2726 est.
614 2659 731 2724 Mirum
753 2665 802 2723 est
823 2659 925 2738 enim,
957 2659 1040 2744 quod
1073 2659 1216 2724 homines
1246 2662 1405 2726 rationem

258 2764 411 2829 habentes
426 2770 500 2829 sunt
516 2766 563 2830 ita
574 2765 704 2850 ingrati,
727 2786 798 2829 cum
813 2765 1046 2830 irrationabilia
1061 2765 1212 2830 animalia
1226 2773 1405 2853 agnoscant

259 2867 412 2932 beneficia
434 2868 494 2932 sibi
517 2867 640 2932 collata.
685 2866 833 2954 Legitur,
857 2869 951 2952 quod,
974 2891 1046 2936 cum
1068 2870 1196 2952 quidam
1219 2871 1268 2935 leo
1292 2877 1406 2956 eaptus

220 3003 246 3042 a
259 2975 341 3036 esset
362 2972 397 3036 in
415 2973 535 3038 retibus
558 2979 752 3051 venetorum,
777 2979 809 3038 et
832 2975 960 3059 qnidam
983 2977 1091 3058 pastor
1114 2977 1308 3061 compatiens
1331 3000 1405 3043 cnm

259 3078 427 3143 avinculis
442 3078 588 3144 absolvit.
627 3079 747 3144 Iterum
771 3080 872 3144 dictus
894 3080 943 3144 leo
967 3085 1076 3164 captus
1099 3103 1118 3144 a
1141 3081 1343 3147 venatoribus
1366 3084 1402 3147 in

261 3203 353 3248 cavea
374 3184 575 3269 imperatoris
599 3207 669 3249 cum
692 3184 764 3249 aliis
786 3185 897 3250 bestiis
920 3186 1059 3251 inclusus
1083 3191 1149 3265 est,
1180 3191 1212 3251 et
1238 3188 1272 3250 in
1296 3190 1406 3254 eadem

260 3311 353 3354 cavea
374 3295 503 3373 propter
526 3291 627 3356 scelus
650 3295 758 3374 pastor
780 3292 937 3375 projectus
959 3296 1006 3356 est
1027 3291 1175 3356 abelluis
1197 3293 1403 3374 devorandus,

260 3399 291 3460 et
315 3415 540 3480 recognoscens
559 3417 630 3460 eum
653 3396 702 3460 leo
726 3417 788 3460 non
812 3395 914 3460 solnm
936 3396 965 3460 ei
988 3417 1052 3460 non
1075 3397 1195 3474 nocuit,
1223 3397 1277 3461 sed
1299 3399 1406 3484 ipsum

221 3522 249 3568 eo
262 3500 302 3566 ab
325 3500 395 3564 aliis
417 3487 682 3566 bestiis'illaesum
706 3501 851 3566 servavit.
898 3499 978 3565 Item
1003 3501 1130 3587 legitur,
1154 3503 1238 3586 quod
1261 3504 1324 3567 dux
1347 3503 1404 3570 Sa·

260 3627 378 3670 xonum
400 3605 524 3668 invenit
545 3605 668 3670 leonem
691 3610 887 3691 pugnantem
910 3627 981 3670 cum
1004 3607 1141 3672 maximo
1165 3611 1328 3691 serpente,
1352 3611 1408 3694 qui

257 3711 323 3793 jam
347 3709 464 3775 collum
487 3711 553 3793 ejus
576 3711 850 3798 circumligaverat
877 3716 908 3776 et
931 3733 1001 3776 cum
1025 3733 1145 3777 veneno
1168 3713 1330 3778 nitebatur
1352 3735 1406 3781 oe-

262 3816 373 3894 cidere,
397 3815 487 3880 miles
509 3821 615 3881 autem
638 3818 781 3904 cogitans
802 3816 1002 3882 nobilitatem
1017 3817 1177 3882 leoninam
1201 3821 1233 3882 et
1248 3819 1406 3884 malitiam

262 3921 476 4004 serpentinam
499 3923 677 4006 amputavit
699 3926 794 4007 capnt
809 3924 1036 4008 serpentinum.
1083 3923 1184 4000 Quem
1199 3924 1247 3988 leo
1263 3945 1407 4008 sequens,

223 4027 351 4109 aequasi
374 4025 579 4092 domesticum
603 4029 731 4106 animal,
755 4051 917 4113 nunquam
940 4029 1070 4113 reliquit
1093 4035 1124 4093 et
1147 4051 1205 4115 pro
1228 4052 1274 4107 eo,
1298 4033 1335 4094 ut
1356 4031 1407 4095 di-

263 4133 362 4210 citur,
387 4131 487 4196 multa
509 4133 621 4217 proelia
644 4135 745 4220 gessit
767 4139 878 4200 contra
900 4134 1006 4198 hostes
1029 4135 1095 4218 ejus
1124 4139 1156 4198 et
1181 4135 1252 4220 ipso
1283 4139 1408 4201 mortuo

262 4239 293 4300 et
324 4237 447 4320 sepulto
477 4237 573 4301 etiam
604 4237 653 4302 leo
684 4260 781 4322 supra
815 4239 994 4323 sepulcrum
1027 4261 1157 4304 manens
1181 4239 1298 4305 ibidem
1321 4263 1407 4306 mor·

262 4343 335 4404 tuus
357 4345 413 4405 est
