3146 4962
698 307 701 316 ·
816 301 927 392 aro·-

281 471 421 538 laxemus
450 477 580 559 propter
602 475 774 542 incertum.
820 473 872 541 Sic
894 474 978 539 enim
1001 474 1164 554 nonnulli,
1194 497 1265 540 curn
1286 478 1421 560 possunt

280 598 373 663 agere
394 600 438 656 ea,
461 601 532 663 quae
555 585 755 665 competunt,
784 579 929 646 nesciunt
954 569 1073 664 capiere,
1096 581 1258 664 cupientes
1279 581 1419 646 meliora

280 682 399 748 Idcirco
421 705 503 768 saepe
525 685 724 770 decipiuntur
752 691 785 752 et
806 708 859 765 ea,
891 707 961 768 quae
992 689 1087 752 antea
1116 685 1231 750 habere
1260 689 1418 770 potarunt,

278 807 343 852 non
366 789 541 857 inveniunt.
586 788 708 858 Volunt
730 792 826 856 etiarn
848 811 974 874 capere,
998 790 1082 874 quud
1110 811 1174 854 non
1204 793 1356 874 possunt,
1388 793 1421 854 et

253 908 461 976 rrecuperare
483 895 607 978 perdita
635 901 667 961 et
696 896 972 979 irrecuperabilis,
1002 895 1056 960 sed
1087 916 1151 959 non
1180 895 1306 974 valent,
1336 895 1421 959 unde

279 997 474 1063 amarissime
496 999 612 1065 dolent
658 999 777 1066 Contra
799 1021 877 1084 quos
894 999 975 1064 dixit
990 998 1092 1064 David
1108 997 1158 1063 ll⁰
1181 997 1306 1084 Regum
1321 997 1420 1064 XII⁰2

279 1124 364 1168 nuuc
385 1103 460 1187 quia
481 1109 623 1170 mortuus
646 1111 704 1184 est,
728 1127 824 1190 quare
846 1105 942 1170 vivo?
969 1105 1121 1190 numquid
1144 1108 1255 1188 potero
1276 1125 1422 1170 revocare
1556 1149 1558 1158 ,

279 1209 374 1272 eum?
396 1229 454 1294 ego
475 1209 588 1274 radam
611 1212 712 1296 magis
735 1211 885 1288 adeum,
917 1209 973 1278 ille¹
999 1230 1073 1275 vero
1095 1230 1158 1274 non
1181 1212 1357 1274 revertetur
1379 1211 1421 1276 ad

279 1333 338 1378 me.
381 1313 474 1379 Unde
496 1313 658 1380 fabulatur
680 1316 718 1380 de
740 1314 932 1399 philomela,
956 1335 1026 1398 quae
1048 1314 1155 1379 docuit
1173 1313 1341 1396 juvenem,
1364 1316 1421 1400 qui

241 1433 266 1472 ¹⁰
279 1439 348 1482 eam
362 1417 461 1502 cepit:
483 1419 522 1484 de
536 1440 570 1484 re
585 1420 708 1504 perdita
730 1425 763 1485 et
778 1419 1018 1503 irrecuperabili
1040 1440 1203 1503 nunquam
1226 1418 1343 1484 doleas.
1374 1419 1421 1484 Ut

279 1522 397 1607 legitur
418 1523 451 1586 in
468 1521 630 1589 Barlaam:
642 1529 701 1604 ,ast
717 1525 802 1589 enim
817 1524 974 1591 dementia
988 1527 1021 1588 ct
1034 1523 1218 1609 periculum,
1241 1523 1421 1608 relinquere

279 1648 345 1691 rern
363 1648 502 1693 securam
524 1633 557 1692 et
579 1633 697 1694 oertarn
719 1651 778 1714 pro
801 1628 864 1694 alia
886 1629 1007 1693 ineerta
1031 1631 1063 1692 et
1085 1649 1167 1693 vera.
1206 1627 1306 1694 Prout
1324 1629 1422 1694 refert

279 1731 410 1815 Flsopua.
455 1731 589 1810 Quidam
609 1735 694 1799 cenis
710 1733 831 1800 ferebat
846 1735 967 1820 peciam
983 1733 1088 1798 carnis
1103 1755 1160 1818 per
1173 1739 1303 1817 pontem
1325 1737 1358 1798 et
1371 1733 1420 1798 ri-

280 1836 355 1902 dens
376 1838 520 1902 umbram
542 1837 577 1902 in
599 1838 689 1922 aquia
711 1838 840 1924 reliquit
862 1860 989 1916 carnes,
1021 1859 1098 1923 quas
1128 1838 1265 1904 habebat
1298 1839 1331 1903 in
1355 1860 1420 1918 ore,

241 1958 267 1998 1⁶
279 1945 316 2006 ut
337 1942 492 2027 acciperet
515 1963 599 2022 earn,
629 1965 700 2026 qnae
725 1943 898 2028 apparebat
918 1944 951 2007 in
975 1944 1076 2028 aquis,
1103 1943 1234 2027 ideoque
1255 1965 1323 2010 earn
1346 1966 1419 2028 per-

280 2046 368 2110 didit.
414 2045 466 2113 Sic
487 2047 571 2112 enirn
594 2048 717 2114 faciunt
738 2049 841 2128 multi,
866 2049 920 2132 qui
943 2052 1072 2133 propter
1087 2048 1293 2132 cupiditatem
1309 2047 1417 2132 acqui-

282 2151 369 2216 rendi
391 2149 577 2235 relinquunt
598 2174 716 2232 secura,
747 2175 817 2238 quae
845 2154 981 2232 habent,
1013 2156 1051 2218 nt
1079 2153 1245 2236 acquirant
1266 2175 1319 2232 ea,
1349 2175 1420 2238 quae
1465 2215 1471 2222 .

279 2277 344 2320 non
365 2257 494 2323 habent.
543 2257 633 2323 Unde
654 2259 792 2342 Flsopus:
823 2281 885 2323 non
915 2257 1030 2323 debent
1059 2279 1117 2341 pro
1147 2258 1239 2323 ranis
1260 2262 1347 2324 certa
1367 2280 1417 2324 re-

280 2360 383 2446 linqui
406 2366 438 2427 et
461 2363 506 2427 sic
528 2363 685 2428 dementia
706 2367 755 2428 est
776 2385 884 2428 secura
905 2363 1093 2446 relinquere
1138 2361 1190 2428 Sic
1211 2367 1259 2428 est
1286 2363 1419 2429 fatuitas

241 2491 266 2530 ro
279 2465 318 2532 de
332 2469 425 2534 ¹runis
441 2489 575 2553 sperare,
599 2469 673 2552 quia
688 2491 776 2534 vanae
791 2473 866 2533 sunt
880 2467 1088 2554 cogitationes
1111 2468 1287 2547 hominum,
1309 2471 1347 2532 ut
1370 2468 1419 2533 di-

279 2573 362 2637 citur
375 2573 497 2657 psalmo
508 2571 636 2639 Xow0.
669 2572 758 2639 Unde
771 2595 841 2638 curn
856 2573 998 2657 quadam
1014 2572 1142 2637 domina
1157 2572 1293 2638 dedisset
1316 2573 1415 2638 ancil·

278 2677 318 2741 lae
329 2699 392 2742 suae
403 2678 461 2757 lac,
483 2683 519 2742 ut
538 2679 684 2744 venderet
697 2682 729 2743 et
743 2679 793 2744 lac
805 2681 946 2761 portaret
961 2677 999 2742 ad
1016 2677 1136 2756 urbem,
1156 2678 1248 2761 juxta
1261 2677 1418 2742 fossatum

281 2783 419 2867 cogitare
441 2783 552 2866 coepit,
585 2783 666 2868 quod
698 2783 735 2848 do
757 2782 860 2867 pretio
893 2781 987 2876 lactis*
1006 2785 1122 2846 emeret
1145 2781 1317 2867 gallinam,
1350 2803 1421 2866 quaa

279 2884 396 2952 facerat
416 2887 536 2972 pullos,
567 2909 645 2972 quos
675 2892 782 2953 auctos
811 2888 845 2952 in
867 2886 1003 2972 gallinas
1034 2886 1182 2952 venderet
1210 2893 1242 2954 et
1264 2887 1420 2973 porcellos

240 3011 266 3051 aa
279 2995 395 3056 emeret
416 3013 530 3077 eosque
551 2996 690 3058 mutaret
710 2994 744 3057 in
767 3013 839 3058 ores
861 2996 893 3056 et
915 2993 999 3076 ipsas
1023 2992 1057 3056 in
1080 2991 1174 3056 boves
1194 2993 1302 3076 sicque
1318 2993 1422 3058 ditata

278 3096 478 3162 contraheret
499 3119 568 3162 cum
592 3097 697 3182 aliquo
719 3093 830 3175 nobili,
853 3100 886 3162 ct
907 3095 951 3160 sic
973 3095 1187 3180 gloriabatur,
1217 3100 1249 3162 ot
1278 3117 1350 3161 cum
1374 3097 1422 3162 sic

278 3199 467 3285 gloriaretur
489 3206 521 3267 et
543 3224 614 3268 cum
636 3202 808 3287 cogitaret,
832 3222 903 3266 cum
926 3205 1046 3285 quanta
1067 3200 1170 3286 gloria
1193 3201 1359 3266 duceretur
1381 3202 1420 3266 ad

277 3304 370 3369 illum
391 3307 493 3371 virum
516 3328 610 3390 super
631 3328 746 3390 equum
770 3305 918 3370 dicendo:
941 3305 1025 3390 gi0,·
1038 3304 1109 3389 gio,
1131 3305 1227 3388 coepit
1247 3307 1326 3388 pede
1347 3327 1421 3390 par-

278 3415 383 3475 cutere
412 3414 547 3490 terram,
579 3411 669 3495 quasi
700 3415 856 3496 pungeret
890 3431 1005 3494 equum
1036 3409 1226 3487 calcaribus,
1259 3409 1315 3474 sed
1344 3414 1422 3475 tnnc

240 3515 452 3580 solubricatus
485 3519 534 3580 est
564 3537 619 3600 pes
642 3515 708 3599 ejus
731 3517 763 3579 ct
786 3514 898 3580 cecidit
919 3513 955 3586 in
976 3512 1130 3577 fossatum
1153 3512 1341 3580 effundendo
1361 3515 1419 3579 lac.

278 3618 329 3685 Sic
351 3619 436 3684 enim
458 3641 522 3684 non
543 3619 665 3698 habuit,
689 3619 773 3702 quod
794 3641 828 3684 sc
850 3618 1035 3702 adepturam
1059 3617 1217 3710 sperabat

324 3793 375 3859 Da
396 3793 650 3880 tragelapho
673 3793 969 3858 architectore
990 3791 1169 3870 fallace,
1203 3791 1276 3858 dial.
1303 3795 1376 3856 101.

365 3935 581 4022 Tragalaphus
610 3935 643 4000 id
672 3939 719 4000 est
742 3934 959 4012 hircocervus,
993 3933 1071 4001 dicit
1093 3932 1206 4010 Brito,
1234 3953 1349 3998 nomen
1372 3938 1422 3997 est

279 4043 488 4125 compositum
519 4046 682 4126 atragos,
715 4041 797 4124 quod
828 4043 875 4104 est
898 4038 1014 4117 hircus,
1044 4043 1076 4103 et
1104 4037 1232 4122 laphos,
1262 4036 1345 4120 quod
1375 4041 1423 4102 ost

240 4169 265 4208 aa
279 4167 397 4210 cervus.
443 4145 503 4222 Qui
524 4146 599 4211 licet
627 4146 670 4210 sit
692 4145 829 4229 ejusdem
853 4145 967 4229 speciei
989 4165 1061 4209 cnm
1082 4165 1191 4222 cervo,
1223 4143 1351 4207 villosos
1374 4145 1422 4207 ta·

278 4271 351 4318 men
373 4250 470 4318 habel
490 4272 594 4317 armos
616 4256 653 4316 ut
673 4251 755 4316 hirci
778 4255 810 4316 et
831 4254 975 4320 mentum
998 4249 1167 4315 barbatum
1190 4246 1347 4314 cornubus
1369 4268 1421 4313 ra-
