3146 4962
820 323 885 387 224

277 497 360 582 quod
383 495 491 562 ambas
514 497 549 560 in
572 497 705 580 equuleo
726 496 844 561 levavit
869 517 905 560 ao
928 494 966 560 de
987 495 1076 560 furto
1099 493 1297 579 pmonnmri
1321 493 1429 579 acepit,

275 600 359 667 latro
381 621 454 664 vero
477 602 592 664 ounots
613 598 804 684 propalavit,
827 601 860 662 et
881 619 918 662 es
941 597 1066 680 quidem
1091 598 1192 662 multa
1215 597 1321 676 furta,
1347 619 1429 681 quo·

275 726 346 769 rum
361 704 578 780 accusabatur,
612 708 645 768 et
674 703 815 779 occulta,
848 723 919 786 quae
949 701 1167 780 commiserat,
1199 701 1427 769 manifestavit
1552 753 1554 794 ,

275 809 474 895 Quapropter
491 808 589 894 judex
611 830 663 874 eas
686 806 836 893 suspendi
857 805 934 871 feeit
957 807 1082 872 disens:
1107 806 1163 890 qui
1178 805 1305 871 furatur
1328 810 1360 870 et
1376 829 1429 872 ae-

249 919 381 994 ronsat,
404 935 437 979 se
459 912 617 980 fallaciter
640 917 777 978 excusat.
818 909 904 997 Ergo
927 911 1051 994 require
1074 933 1091 976 a
1114 915 1147 976 ts
1169 912 1238 995 ipso
1260 911 1295 974 in
1318 912 1430 977 animo
1552 903 1554 908 ’

274 1027 341 1100 tuo,
365 1019 419 1104 qui
442 1040 484 1098 es,
508 1019 564 1103 qui
586 1039 734 1084 aoeusare
755 1017 843 1098 velis,
866 1019 974 1080 utrum
997 1015 1035 1081 de
1058 1016 1156 1082 simili
1175 1017 1261 1082 dioto
1275 1016 1429 1101 valramo

273 1126 378 1191 valeas
401 1123 597 1209 reprehendi.
638 1122 719 1199 Quia
739 1121 857 1187 dieitur
880 1121 920 1186 ad
935 1120 1027 1186 Rom.
1053 1119 1121 1187 Ill:
1147 1120 1372 1187 inexcusabilis
1395 1143 1428 1186 es
1553 1147 1554 1180 ;

273 1230 367 1294 horno
382 1230 495 1307 omnis,
519 1227 575 1313 qui
585 1227 717 1312 judiees,
741 1227 774 1290 in
791 1248 854 1310 quo
872 1225 957 1290 enirn
970 1227 1092 1310 judicas
1108 1226 1256 1305 alterum,
1271 1231 1304 1320 te
1319 1228 1427 1310 ipsum

273 1335 481 1411 ooudemnas,
514 1331 622 1396 eadem
644 1331 729 1395 enim
752 1331 838 1416 agis,
870 1351 940 1414 quae
960 1329 1091 1414 judiees.
1139 1331 1202 1408 Qui
1225 1351 1300 1416 ergo
1324 1330 1425 1395 alium

234 1461 260 1500 ιο
273 1439 373 1517 doces,
397 1459 460 1504 non
478 1441 510 1502 ts
525 1437 630 1522 ipsum
645 1437 746 1515 dooes,
763 1435 817 1519 qui
834 1435 995 1518 praedieas,
1011 1456 1076 1499 non
1090 1433 1274 1514 furandum,
1295 1435 1424 1514 furaris,

274 1545 329 1629 qui
352 1544 440 1621 dicis,
463 1541 770 1618 nonmoeehandum,
793 1539 970 1604 moecharis.
1016 1537 1109 1603 Unde
1127 1537 1246 1604 Gatho:
1270 1560 1341 1625 quae
1355 1540 1424 1604 eul-

272 1669 349 1734 pere
373 1648 475 1724 soles,
499 1668 545 1722 ¹ea
566 1650 603 1710 tu
626 1667 666 1710 ne
689 1644 800 1710 feceris
831 1645 906 1728 ipse.
951 1643 1058 1730 Turpe
1087 1648 1135 1708 est
1158 1643 1326 1724 doetoreri,
1351 1665 1424 1710 eum

273 1753 366 1837 eulpa
387 1750 552 1838 redarguit
573 1750 687 1834 ipsum.
733 1749 813 1814 Cum
826 1749 955 1833 quidam
971 1753 1128 1833 tyrannus
1139 1748 1298 1832 judiearet
1313 1770 1426 1833 quem·

272 1859 345 1922 dem
369 1858 525 1922 latronem
549 1855 707 1940 suspendi,
732 1855 861 1938 qnidam
883 1852 1109 1938 philosophus,
1137 1855 1193 1939 qui
1216 1854 1341 1933 aderat,
1365 1854 1427 1920 hoe

234 1981 259 2021 ιο
272 1962 381 2027 videns
404 1961 484 2028 risit.
532 1959 594 2038 Qui
617 1981 688 2024 eum
709 1959 961 2044 interrogaretur
983 1981 1003 2023 a
1026 1963 1181 2042 tyranno,
1217 1980 1272 2023 eur
1294 1958 1424 2036 rideret,

272 2066 451 2152 respondit:
476 2066 551 2150 quia
572 2064 682 2150 magni
705 2066 845 2130 latrones
864 2064 1010 2148 judieant
1025 2064 1174 2129 minores.
1219 2064 1424 2150 Augustinus

271 2173 310 2237 de
332 2172 461 2236 civitate
483 2169 543 2236 Dei
576 2170 658 2236 libro
681 2169 697 2234 l
720 2191 788 2254 oap.
812 2168 859 2234 IV
882 2169 1058 2235 introdusit
1080 2169 1260 2253 exemplum
1283 2169 1322 2234 de
1345 2169 1425 2233 Ale·

271 2278 392 2344 xandro
414 2279 447 2342 et
461 2275 598 2340 Dionide
613 2275 725 2361 pirata
766 2275 914 2352 Quicum
929 2279 1012 2340 esset
1035 2274 1291 2358 comprehensus,
1314 2274 1424 2358 inqui·

271 2383 350 2448 situs
382 2382 423 2448 ab
453 2381 652 2461 Alexandro,
692 2403 748 2446 eur
779 2401 865 2444 mare
900 2381 1081 2460 infestaret,
1123 2380 1289 2465 respondit
1319 2380 1423 2446 libera

232 2505 257 2546 ω
271 2488 485 2554 oontumaoia:
523 2491 560 2552 ut
590 2490 640 2568 tu,
677 2486 786 2551 orbem
819 2489 976 2550 terrarum
997 2486 1024 2564 ¹,
1060 2485 1114 2551 sed
1152 2487 1228 2571 qnia
1265 2485 1298 2550 id
1339 2484 1424 2549 faeio

270 2595 385 2680 exiguo
408 2594 545 2678 navigio,
568 2593 652 2658 latro
674 2612 777 2670 vooor,
800 2591 883 2675 quod
907 2590 1032 2658 tufaeis
1055 2614 1173 2678 magna
1192 2592 1304 2670 alasse,
1320 2592 1423 2677 impe·

270 2703 357 2765 rator
379 2699 501 2764 diceris.
546 2697 688 2764 sisoius
710 2701 821 2781 eaptus
844 2696 957 2762 fnisset
985 2697 1185 2778 Alexander,
1218 2697 1301 2763 latro
1325 2701 1421 2774 esset,

269 2803 358 2869 eiad
380 2807 493 2868 nutum
516 2801 662 2868 Dionidis
685 2802 795 2887 populi
817 2801 1031 2882 famulentur,
1056 2803 1117 2868 erit
1140 2801 1293 2867 Dionides
1317 2802 1421 2885 impe-

269 2912 373 2986 rator;
397 2929 446 2972 me
468 2906 606 2973 fortuna
628 2907 793 2991 iniquitas,
817 2911 849 2970 te
872 2906 974 2971 festus
995 2906 1208 2972 intolerabilis
1230 2906 1420 2990 etinexple·

230 3027 256 3068 2⁶
270 3011 343 3077 bilis
365 3013 501 3078 avaritia
522 3012 624 3078 furem
648 3011 735 3077 facit.
781 3009 815 3076 si
838 3011 967 3076 fortuna
990 3015 1178 3091 mutaretur,
1205 3011 1311 3076 fierem
1335 3010 1421 3075 forte
1549 3036 1552 3044 ·

268 3117 394 3195 melior,
418 3121 509 3195 actu,
522 3138 585 3201 quo
595 3115 798 3194 fortunatior,
822 3136 859 3179 eo
874 3115 1007 3199 nequior
1020 3116 1090 3183 eris.
1125 3117 1261 3182 Miratus
1277 3116 1420 3182 Alexan-

267 3222 323 3287 der
338 3223 376 3288 de
391 3222 503 3306 piratae
517 3222 698 3287 constantia
713 3219 813 3284 dixit:
838 3222 993 3303 experiar,
1017 3243 1058 3285 an
1073 3222 1202 3286 futurus
1225 3222 1270 3286 sis
1292 3220 1417 3298 melior,

267 3327 429 3392 fortunam
453 3331 541 3392 tuam
565 3347 625 3412 ogo
652 3324 712 3390 tibi
739 3324 887 3403 mutabo,
920 3329 956 3389 ut
987 3347 1052 3390 non
1076 3327 1106 3390 ei
1129 3327 1276 3392 ammodo
1289 3323 1320 3404 ²,
1347 3347 1418 3410 ques

268 3432 457 3516 deliqueris,
488 3433 543 3497 sed
565 3433 630 3496 tuis
652 3431 758 3516 potius
780 3430 923 3496 moribus
946 3431 1155 3497 adscribatur.
1201 3430 1243 3496 Et
1266 3453 1337 3496 eum
1360 3431 1417 3495 od·

229 3537 364 3602 ascribi
386 3536 463 3602 feeit
485 3536 618 3614 milities,
642 3541 679 3601 ut
701 3540 810 3621 posset
832 3535 945 3600 exinde
966 3537 1061 3601 salvis
1084 3536 1210 3624 legibus
1232 3536 1382 3602 militare.

530 3711 584 3775 De
606 3711 703 3794 pice
726 3716 765 3776 et
788 3711 972 3796 agaziiS,
997 3711 1071 3777 dial.
1096 3716 1148 3777 80.

354 3853 429 3919 Pica
451 3857 499 3919 est
521 3853 589 3918 evis
611 3852 825 3932 callidissima,
847 3858 884 3918 ut
907 3853 986 3918 dicit
1000 3853 1135 3932 Plinius,
1159 3853 1233 3919 alba
1255 3857 1288 3918 et
1311 3852 1415 3938 nigra,

266 3959 420 4026 varietate
442 3958 601 4026 distinata
649 3959 725 4024 Haeo
740 3959 823 4042 apud
841 3957 1009 4042 quemdam
1024 3963 1206 4024 venatorem
1229 3962 1262 4024 et
1277 3958 1417 4022 humane

266 4068 298 4128 et
326 4065 427 4131 latine
459 4064 667 4146 loquebatur,
702 4067 833 4149 propter
864 4063 948 4147 quod
979 4068 1111 4128 venator
1141 4064 1255 4148 ipsam¹
1274 4064 1417 4148 plenarie

227 4169 426 4238 amiciebat.
472 4170 548 4236 Pioa
569 4173 676 4235 eutem
699 4191 764 4234 non
787 4171 952 4236 immernor
974 4169 1119 4234 beneficii
1141 4169 1250 4233 volens
1266 4189 1415 4234 remune-

828 4291 847 4330 a

339 4393 352 4447 l
372 4393 496 4451 Andere:
514 4395 588 4464 quod
607 4394 661 4450 tibi
678 4398 712 4450 ut
724 4394 828 4452 orbem.
865 4395 1018 4451 tendere:
1038 4396 1139 4450 utnon
1151 4393 1205 4450 tibi
1217 4393 1416 4465 aliquomodo.
