3146 4962
672 343 736 407 215

4 547 12 586 r
128 515 207 582 fecit
227 515 311 600 apud
334 515 501 599 quemdam
524 515 664 583 divitem.
711 515 794 581 Dum
807 522 911 583 autem
927 518 1009 602 pulli
1024 518 1147 584 educati
1163 522 1280 596 essent,

128 620 264 686 nimium
280 620 409 686 domiuo
425 625 517 686 erunt
532 621 649 686 dilecti.
685 621 820 706 Propter
836 624 919 707 quod
935 623 1074 688 ornicem
1090 622 1281 688 excellenter

129 726 298 811 pascebat,
328 728 365 790 ut
396 726 500 809 pullos
530 725 644 790 melius
673 725 838 793 enutriret.
893 725 952 792 Sed
985 725 1077 792 ornix
1103 731 1181 792 tunc
1211 731 1281 792 erat

130 829 244 896 acerbe
259 829 389 915 gallinis
405 833 536 915 propter
550 829 714 895 audaciam
730 831 850 896 domini
873 835 906 896 et
920 832 1093 897 amicitiam
1108 832 1279 914 pullorum,

4 977 6 996 ,
102 935 214 1019 equod
236 936 323 1020 ipsas
344 934 436 1000 edere
459 956 562 1020 neque
592 935 692 1018 picari
724 937 948 1019 permittebat,
979 936 1045 1001 imo
1073 936 1280 1020 propulsabat

4 1083 6 1102 2
129 1043 162 1104 et
183 1039 380 1105 verberabat.
427 1038 563 1105 Gallinae
585 1043 691 1105 autem
704 1041 884 1106 amaricatae
896 1041 1044 1107 tacebant
1059 1045 1278 1124 exspectantes

4 1193 5 1198 η
129 1148 256 1228 tempus
278 1143 437 1222 vindicta,
461 1137 596 1228 eumque
618 1145 700 1229 pulli
722 1146 903 1224 crevissent,
927 1146 1067 1211 ornieem
1083 1145 1281 1228 reliquerunt

129 1253 163 1314 et
184 1249 224 1314 ad
247 1252 396 1314 naturam
420 1249 590 1334 pavoniam
613 1251 730 1314 reversi
753 1255 838 1316 eunt.
884 1249 1041 1316 Dominus
1063 1255 1168 1316 autern
1193 1247 1280 1312 orni-

130 1375 198 1420 cem
221 1354 356 1418 nonita
378 1352 541 1431 fulciebat,
565 1355 618 1419 sed
642 1376 713 1420 cum
736 1355 807 1419 aliis
826 1354 927 1439 picari
942 1355 1157 1439 permittebat
1204 1351 1280 1418 Gal·

87 1485 116 1522 11
130 1458 206 1524 lina
222 1479 303 1522 ¹vero
325 1479 391 1522 non
413 1457 613 1524 immemores
636 1459 864 1542 persecutionis
894 1459 1012 1524 ornieis
1041 1480 1075 1523 se
1103 1479 1161 1543 pro
1190 1478 1281 1543 posse

130 1563 347 1641 vindicabant,
370 1585 435 1628 non
459 1563 680 1648 permittentes
701 1585 770 1628 eam
792 1584 898 1629 seeum
920 1564 1035 1648 pieare.
1082 1563 1172 1628 Tunc
1187 1563 1280 1628 ornix

129 1690 164 1734 se
185 1687 377 1754 cognoscens
400 1667 547 1752 plorabat
570 1668 696 1733 dicens:
727 1669 788 1733 heu
810 1669 893 1732 filios
916 1669 1053 1734 enutriri
1077 1672 1111 1732 et
1132 1668 1279 1746 exaltavi,

129 1773 193 1858 ipsi
215 1777 320 1839 autern
343 1769 532 1857 spreverunt
552 1793 612 1838 me.
659 1771 794 1838 Gallinae
822 1777 930 1838 autem
959 1772 1183 1839 everberibus
1216 1793 1279 1838 non

130 1879 297 1944 cessabant
321 1878 478 1943 dicentes:
502 1877 610 1942 nullus
633 1878 667 1941 in
683 1877 894 1962 prosperitate
916 1878 1003 1943 vivat
1025 1878 1060 1942 in
1082 1877 1279 1944 crudelitate.

88 2005 116 2044 11
131 1983 201 2049 Η11
226 1983 373 2048 intendat
395 1983 547 2067 quilibet,
576 2005 648 2048 enm
671 1984 775 2047 estin
799 1983 905 2047 officio
928 1984 977 2047 vel
1002 1982 1035 2046 in
1059 1983 1280 2066 prosperitate,

132 2110 197 2154 non
222 2089 322 2154 calcet
344 2088 508 2153 inferiores
531 2087 582 2153 rel
604 2088 766 2167 subditos,
798 2090 873 2172 quia
899 2093 1024 2171 tempus
1052 2109 1108 2172 per
1137 2091 1281 2172 tempora

10 2231 15 2238 ·
134 2197 286 2259 mutatur.
332 2192 449 2260 Euclea.
474 2192 558 2258 111⁰:
589 2193 698 2258 omnia
726 2199 852 2276 tempus
874 2193 994 2258 habent
1016 2198 1050 2258 et
1081 2194 1146 2258 auis
1168 2193 1281 2277 spatiis

132 2303 302 2364 transeunt
338 2299 487 2363 universa
523 2296 582 2361 sub
619 2297 716 2374 cralo3
754 2300 802 2361 est
839 2300 965 2380 tempus
997 2298 1218 2382 prosperitatis
1249 2303 1281 2363 et

4 2453 6 2458 -
131 2406 257 2488 tempus
280 2403 489 2469 adversitatis.
535 2401 673 2486 Tempus
696 2405 799 2466 autem
823 2401 963 2466 volvitur
985 2401 1024 2466 ad
1047 2405 1170 2466 motum
1192 2407 1279 2483 rotae,

89 2529 116 2567 ao
131 2508 166 2572 in
189 2529 253 2591 quo
275 2505 331 2572 alii
365 2507 579 2584 adscendunt,
616 2505 671 2570 alii
708 2525 782 2570 vero
825 2505 1034 2582 descendunt3
1074 2506 1126 2570 sed
1150 2508 1281 2572 11111111·

130 2612 240 2678 dentes
262 2633 327 2678 non
361 2616 514 2696 spernant
551 2610 791 2689 descendentes,
829 2611 923 2694 quia,
961 2610 1044 2676 sicut
1081 2610 1281 2677 (1111111111-

129 2717 203 2784 cles.
227 2717 326 2796 VII⁰,
350 2739 413 2782 uon
438 2716 569 2781 irrideas
594 2715 755 2780 hominem
777 2716 812 2780 in
835 2715 1047 2781 amaritudine
1069 2716 1183 2781 animae
1206 2737 1280 2797 suae,

130 2827 179 2888 est
209 2824 294 2888 enim
316 2823 372 2906 qui
402 2821 550 2888 humiliat
582 2825 615 2886 et
637 2820 775 2899 exaltat,
807 2821 1052 2904 circumspector
1081 2819 1174 2887 Deus.
1220 2819 1281 2886 Sed

130 2928 214 2991 sicut
229 2927 305 2992 dicit
320 2923 502 2991 idem.XI⁰:
524 2925 558 2989 in
575 2925 626 2990 die
638 2925 795 2990 bonorum
818 2947 858 2990 ne
878 2925 1043 2991 immernor
1059 2926 1102 2990 sis
1113 2925 1281 3004 malorum,

87 3037 162 3096 1111
184 3031 244 3096 hoc
264 3025 398 3115 propter
418 3030 628 3096 mutationem
650 3031 803 3114 temporis
825 3035 856 3096 et
878 3031 1065 3110 officiorum,
1089 3031 1174 3113 quia,
1198 3030 1281 3095 sicut

131 3137 209 3202 dicit
231 3135 382 3214 Isidorus,
406 3135 522 3202 caduca
544 3139 578 3201 et
600 3135 726 3220 fragilis
749 3139 798 3200 est
812 3135 956 3219 potentia
971 3134 1164 3216 temporalis.
1211 3133 1280 3213 Dic,

130 3241 186 3306 ubi
208 3245 285 3307 sunt
307 3261 406 3326 reges,
431 3240 487 3304 ubi
509 3244 587 3305 sunt
608 3241 779 3325 principes,
802 3240 857 3305 ubi
881 3240 1100 3323 imperatores,
1123 3238 1179 3302 ubi
1193 3238 1281 3304 locu·

130 3346 230 3430 pletas
251 3366 376 3422 rerum,
410 3345 464 3410 ubi
496 3349 641 3429 potentes
669 3344 790 3410 seculi?
822 3347 1014 3410 Artaxerxes
1036 3365 1091 3408 rex
1114 3342 1281 3408 Persarum

131 3455 163 3516 et
197 3449 363 3516 Medorum
401 3449 645 3533 superbissimus
678 3455 711 3514 et
746 3448 1006 3534 potentissimus,
1039 3449 1095 3531 qui
1125 3447 1283 3512 subvertit

89 3584 117 3622 so
133 3559 256 3621 montes
280 3559 312 3654 ψ
334 3555 449 3620 stravit
471 3555 588 3632 maria,
615 3575 685 3620 curn
718 3553 756 3618 de
787 3553 917 3618 sublimi
948 3555 1017 3618 loeo
1039 3551 1202 3617 infinitam
1224 3551 1282 3614 ho-

131 3661 255 3726 minum
294 3661 533 3726 multitudinem
569 3664 602 3725 et
640 3659 906 3726 innumerabilem
939 3659 1068 3724 vidisset
1097 3657 1283 3734 exereitum,

130 3765 253 3830 flevisse
283 3764 418 3842 dicitur,
451 3785 487 3829 eo
511 3764 594 3848 quod
624 3769 697 3849 post
726 3769 853 3838 centum
887 3785 987 3830 annos
1020 3763 1129 3828 nullus
1162 3783 1281 3841 eorum,

131 3859 210 3955 duos
232 3873 311 3935 tuno
332 3869 490 3949 cernebat,
513 3869 640 3936 futurus
663 3875 754 3936 esset.
801 3871 896 3954 Isque
919 3891 989 3935 cum
1008 3871 1156 3952 pergeret
1170 3871 1282 3932 contra

132 3975 257 4042 Grecos
280 3997 352 4040 oum
374 3973 464 4040 mille
485 3975 628 4040 millibus
641 3979 846 4041 armatorum
876 3981 908 4040 et
930 3996 1001 4040 cum
1025 3973 1112 4038 mille
1134 3972 1281 4037 ducentis

91 4081 266 4146 usuaribus
288 4086 320 4147 et
343 4079 447 4145 tribus
469 4077 612 4144 millibus
634 4078 791 4158 oneratis,
824 4079 934 4144 videns
964 4083 1039 4144 ante
1068 4099 1102 4142 se
1130 4081 1197 4142 tam
1220 4079 1281 4141 im·

132 4209 276 4252 mensum
299 4188 472 4252 exercitum
495 4189 529 4250 et
551 4185 695 4270 cogitans
717 4183 755 4249 de
777 4185 954 4250 mutatione
977 4185 1011 4250 et
1029 4184 1185 4248 brevitate
1200 4185 1280 4246 tem-

131 4313 243 4378 porum
265 4293 411 4370 1111111,
443 4293 483 4358 ad
512 4291 589 4375 quid
619 4290 780 4356 deveniret
810 4291 865 4356 ille
891 4292 1060 4368 exereitus,
1092 4289 1281 4357 humiliatus

130 4398 232 4464 fertur
261 4397 394 4464 dixisse:
432 4419 540 4486 regem
575 4417 626 4463 me
656 4401 770 4463 vocant
804 4395 965 4462 hominem
998 4401 1063 4462 tam
1097 4395 1213 4462 fortem
1247 4400 1280 4462 et
