3172 4962
834 380 896 443 164

289 555 428 640 quantur
450 575 509 639 pro
531 575 601 630 me,
629 552 656 617 si
679 551 779 638 diligo
801 573 865 616 ros.
912 549 1003 615 'lunc
1025 548 1129 616 Caesar
1150 551 1254 635 ipsum
1278 551 1312 616 in
1336 551 1448 637 gratia
1569 557 1570 566 ³

289 660 417 744 recepit.
464 657 544 724 Item
575 657 693 743 legitur
723 659 761 723 de
782 656 870 722 Julio
893 654 1015 721 (lassare
1046 655 1129 721 libro
1152 657 1256 740 primo
1286 658 1325 721 de
1346 657 1445 742 nugis

288 764 567 849 philosophorum,
599 763 683 847 qnod
714 785 785 828 cnm
813 763 847 826 in
878 761 935 826 lite
965 761 1093 845 quidam
1117 768 1285 828 veteranus
1307 762 1444 845 quedem

290 869 341 934 die
363 869 598 953 periclitaretur
620 873 652 934 et
673 891 780 934 coram
800 868 960 952 judicibus
982 867 1102 948 ivisset,
1127 869 1254 954 rogavit
1276 867 1444 943 Caesarem,

265 977 329 1040 eut
349 973 472 1040 adesset
503 973 537 1037 in
561 973 688 1058 publico
720 973 843 1039 scilicet
873 974 912 1038 ad
935 973 1108 1056 juvandum
1131 993 1213 1037 eum.
1258 971 1316 1038 Cui
1340 969 1445 1034 Caesar

290 1078 377 1144 dedit
399 1100 497 1143 unum
520 1079 716 1145 advocatum.
763 1075 821 1142 Oui
845 1077 899 1141 ifle
929 1077 994 1142 ait:
1018 1099 1037 1142 o
1060 1076 1183 1156 Oaesar,
1212 1083 1245 1143 te
1274 1077 1446 1160 proeliante

290 1185 324 1249 in
347 1183 431 1249 bello
454 1182 597 1248 Asiatico
618 1204 683 1246 non
705 1181 860 1246 vicarium
883 1181 1030 1266 quesivi,
1065 1181 1119 1246 sed
1142 1202 1200 1264 pro
1224 1197 1255 1246 te
1277 1203 1336 1266 ego
1359 1201 1443 1264 pug-

290 1289 373 1367 navi,
390 1287 571 1372 detexitque
586 1287 747 1352 cicatrices
763 1287 942 1364 vulnerum,
965 1286 1088 1354 scilicet
1104 1307 1174 1369 quae
1188 1287 1235 1350 ibi
1251 1288 1442 1370 susceperat,

291 1393 479 1478 erubuitque
503 1393 606 1459 Oaesar
637 1397 669 1457 et
694 1392 840 1458 venitin
863 1393 1109 1458 advocationem.
1157 1390 1334 1456 Verebatur
1357 1389 1442 1455 enim

253 1517 355 1565 10nou
377 1503 505 1565 tantum
527 1497 682 1582 superbus
704 1499 758 1562 sed
781 1499 928 1584 ingratus
950 1499 1060 1562 videri.
1106 1497 1199 1563 Unde
1230 1498 1277 1561 ait
1305 1496 1444 1561 ibidem:

291 1607 347 1690 qui
370 1627 434 1671 uon
458 1604 601 1682 laborat,
626 1607 662 1668 ut
684 1603 842 1667 militibus
866 1625 956 1668 carus
979 1603 1032 1680 sit,
1059 1603 1177 1667 milites
1202 1601 1304 1668 nescit
1326 1621 1442 1677 amare,

291 1714 387 1795 prout
415 1711 451 1773 in
473 1709 565 1773 laude
598 1709 697 1793 ipsius
721 1707 853 1772 Caesaris
885 1708 1019 1787 dicitur,
1051 1708 1135 1791 quod
1166 1729 1331 1790 nunquam
1363 1705 1445 1770 dixit

291 1815 449 1881 militibus
472 1815 556 1880 suis:
580 1815 640 1892 ite,
673 1814 727 1878 sed
749 1815 873 1892 venite,
897 1813 1021 1892 dicens,
1055 1812 1138 1897 quod
1161 1813 1252 1879 labor
1274 1835 1345 1878 cum
1368 1811 1446 1876 duce

290 1920 501 2005 participatus
524 1924 572 1984 est
594 1918 752 1983 militibus
776 1918 889 1984 minor.
1246 1915 1249 1924 “

253 2107 279 2146 1⁶
539 2091 595 2157 De
616 2093 765 2158 cacabo
788 2096 830 2157 et
851 2096 1020 2172 cateno,
1044 2091 1117 2156 dial.
1144 2097 1195 2158 24.

378 2233 498 2303 (latens
525 2234 662 2318 quadam
694 2235 759 2298 vioe
786 2234 893 2300 locuta
925 2238 974 2298 est
1002 2234 1116 2298 cecebo
1151 2232 1274 2298 dicens:
1307 2231 1444 2296 nimium

291 2359 324 2403 es
356 2339 520 2424 ingratus,
553 2340 628 2422 quia
659 2342 692 2402 te
723 2339 762 2403 ad
785 2339 892 2424 ignem
915 2338 1031 2422 bajulo.
1078 2337 1129 2402 'Pu
1151 2338 1279 2422 quidem
1303 2335 1445 2421 quotidie
1568 2377 1570 2398 i

292 2442 412 2508 fercula
434 2443 543 2527 coquis
566 2443 701 2508 delicata
723 2448 756 2507 et
778 2464 943 2526 nunquam
965 2442 1045 2507 mihi
1069 2443 1206 2528 porrigis
1222 2443 1261 2509 ad
1277 2442 1443 2518 edendum,

292 2569 411 2634 magna
433 2551 482 2612 est
504 2547 660 2634 gulositas
682 2551 739 2612 tus
760 2551 794 2612 et
815 2553 919 2613 totum
943 2571 1127 2616 consumere
1149 2549 1196 2612 vis
1216 2569 1328 2632 meque
1343 2547 1444 2612 fame-

254 2651 387 2716 aolicam
411 2651 573 2735 relinquis.
620 2651 671 2716 Ad
702 2651 768 2716 haec
800 2653 949 2718 cacabus:
981 2653 1065 2718 malo
1095 2673 1164 2718 meo
1198 2652 1316 2717 servire
1346 2653 1441 2728 nosti,

293 2756 334 2820 ob
357 2756 417 2820 hoc
439 2778 503 2821 non
527 2779 559 2820 es
582 2756 679 2842 digna
701 2759 936 2838 remunerandi,
959 2759 1013 2824 sed
1036 2758 1142 2843 potius
1164 2758 1334 2842 puniendi,
1368 2757 1443 2841 quic

293 2881 468 2944 appensum
490 2881 540 2924 me
563 2865 651 2926 tenes
674 2863 714 2926 ad
736 2863 844 2948 ignem
866 2868 898 2928 et
921 2863 1032 2928 ardere
1058 2867 1091 2929 et
1113 2883 1297 2928 consumere
1319 2883 1369 2926 me
1391 2861 1442 2924 fa-

293 2965 347 3029 cis.
385 2963 432 3028 Ea
445 2970 577 3048 propter
592 2966 620 3030 si
635 2972 717 3031 esset
731 2968 811 3032 mihi
826 2967 1031 3051 possibilitas,
1055 2972 1087 3032 te
1102 2968 1242 3033 libenter
1257 2970 1442 3045 muctarem,

293 3067 347 3132 sed
369 3067 396 3131 si
420 3068 467 3132 vis
490 3068 571 3135 mihi
593 3072 719 3151 servire,
744 3073 783 3138 ad
806 3073 933 3138 libitum
956 3095 1091 3157 procura
1112 3073 1193 3138 mihi
1215 3073 1309 3138 utilis
1330 3076 1364 3137 et
1387 3093 1443 3136 ne·

255 3197 280 3236 aa
293 3173 446 3252 wenna,
477 3195 541 3239 non
564 3176 676 3242 nociva
698 3198 756 3241 nec
787 3179 954 3242 contraris.
1005 3177 1049 3242 Et
1079 3177 1218 3242 addidit:
1249 3199 1321 3242 cum
1354 3178 1445 3242 utili·

295 3282 362 3344 tate
384 3283 477 3366 grata
504 3284 581 3346 sunt
607 3281 736 3347 servitia
758 3287 878 3365 parata.
925 3281 1010 3367 Ergo
1040 3304 1112 3348 oum
1143 3287 1179 3348 tu
1208 3283 1326 3348 servire
1355 3283 1446 3368 cupis

294 3383 375 3463 aliis,
399 3385 516 3450 servius
539 3386 578 3450 ad
599 3386 679 3450 bene
701 3385 856 3470 placitum
879 3409 997 3466 eorum,
1021 3393 1058 3452 ut
1080 3389 1142 3453 tibi
1164 3393 1276 3474 grates
1292 3387 1444 3468 referant,

296 3489 438 3574 alioquin
468 3491 578 3575 perdes
608 3491 804 3558 beneficium.
851 3491 892 3556 Et
914 3492 974 3558 hoc
1003 3501 1051 3558 est
1083 3494 1167 3578 quod
1199 3494 1277 3559 dicit
1307 3492 1444 3559 Seneca:

296 3595 350 3678 qui
366 3594 554 3661 beneficium
569 3598 643 3662 dare
658 3597 769 3676 nescit,
794 3597 911 3681 injuste
927 3600 1018 3684 petit,
1041 3599 1074 3662 id
1098 3603 1155 3678 est,
1180 3599 1235 3684 qui
1252 3599 1326 3664 dare
1344 3599 1446 3664 nescit

256 3723 282 3761 so
295 3698 481 3765 beneficium
506 3722 576 3766 oum
599 3701 757 3780 utilitate,
793 3703 912 3786 injuste
941 3705 1137 3768 remunerari
1162 3703 1252 3789 petit.
1299 3704 1351 3770 Ad
1373 3704 1445 3770 red·

295 3804 433 3869 dendum
455 3805 568 3870 docent
590 3827 647 3870 nos
670 3807 804 3871 minima
826 3808 977 3874 animalis
1000 3815 1032 3874 et
1053 3809 1140 3876 vilis.
1186 3807 1285 3876 Pront
1313 3810 1444 3896 legitur,

295 3911 378 3993 quod
401 3933 471 3975 mus
494 3911 635 3976 escendit
658 3913 696 3976 ed
720 3914 843 3977 leonem
865 3914 1087 3993 dormientem,
1118 3937 1212 3998 quem
1245 3917 1373 4000 capiens
1396 3916 1446 3981 leo

294 4015 396 4081 voluit
419 4037 489 4080 eum
514 4016 680 4080 comedere.
728 4016 786 4081 eui
808 4039 895 4084 mus:
926 4020 1116 4102 patientiam
1150 4020 1231 4085 hsbe
1262 4022 1296 4085 in
1329 4041 1380 4084 me
1413 4023 1447 4085 et

295 4119 444 4185 miserere
467 4120 546 4197 mei3
571 4142 645 4184 narn
668 4121 796 4186 reddam
818 4123 899 4202 tibi,
923 4145 994 4188 curn
1017 4131 1137 4209 potero.
1184 4125 1247 4190 Leo
1270 4130 1376 4191 sutem
1399 4127 1445 4190 ri·

256 4243 282 4282 aa
296 4223 368 4289 dere
397 4223 518 4308 incepit
548 4226 709 4310 cogitans,
741 4249 837 4311 quam
867 4229 966 4294 vicem
992 4235 1103 4313 posset
1135 4230 1183 4294 illi
1213 4231 1350 4297 reddere.
1402 4231 1447 4297 Et

297 4331 371 4394 dum
393 4329 486 4396 illum
509 4332 555 4396 sic
577 4333 751 4413 derideret,
785 4333 919 4414 accidit,
951 4342 987 4401 ut
1009 4336 1058 4401 leo
1081 4343 1246 4420 caperetur
1266 4337 1299 4402 in
1324 4336 1446 4421 laqueis

296 4433 358 4500 sibi
379 4435 502 4522 positis.
550 4436 639 4515 Quod
668 4442 705 4502 ut
727 4460 797 4504 mus
820 4441 987 4528 cognovit,
1021 4443 1159 4508 corrodit
1189 4442 1297 4524 funes,
1330 4441 1446 4529 quibus
