3058 4946
656 305 717 370 137

99 480 258 558 ridemus,
286 500 429 544 eumum.
477 477 520 543 nt
544 478 693 563 quoniam
724 479 816 542 erent
846 476 993 542 destituti
1023 499 1099 544 vere
1120 477 1180 544 Dei
1203 499 1261 544 no-

100 586 188 662 titia,
209 585 310 650 fotum
334 584 552 670 appellarunt,
577 605 643 648 rem
667 583 789 649 seilicet
807 583 874 666 jem
899 582 971 648 inde
987 583 1133 667 oprimis
1149 582 1261 650 mundi

102 689 305 756 incunabulis
329 689 378 754 ira
400 690 628 767 constitutam,
663 711 729 754 rem
761 688 858 752 fixam
882 692 916 752 et
937 687 1152 767 immobilem,
1191 710 1261 773 quae

103 797 235 861 omnino
258 795 355 860 vitnri
377 816 443 859 non
466 795 577 880 poesin
622 794 690 860 Noe
721 815 815 872 vero,
850 793 983 878 quibus,
1017 793 1169 859 beneficio
1189 793 1259 873 Dei,

103 1007 225 1092 ginem,
248 1009 379 1081 eretum,
403 1025 590 1090 progressus
613 1009 646 1070 et
667 1003 917 1070 moderationem
941 1002 981 1068 ab
1004 1025 1067 1069 uno
1088 1002 1156 1069 Deo
1179 1026 1259 1089 pen·

105 1111 190 1176 dere.
234 1109 406 1176 conditum
429 1109 515 1174 enim
537 1115 586 1175 eet
608 1111 648 1175 ab
670 1132 717 1188 eo,
741 1109 891 1194 quiequid
917 1109 1041 1194 uspiam
1064 1109 1163 1176 oeulis
1182 1131 1258 1176 oon·

103 1216 196 1301 epiei
218 1213 370 1299 quioquid
392 1214 524 1279 omnino
546 1237 639 1280 sensu
663 1215 886 1300 comprehendi
909 1218 1031 1300 potest,
1060 1215 1101 1280 eb
1124 1235 1161 1279 eo
1183 1235 1258 1280 oon-

102 1322 221 1386 etitute
250 1325 326 1385 eunt
355 1341 455 1406 regno
486 1324 518 1384 et
547 1321 701 1405 imperio¹
734 1319 820 1386 eolus
850 1319 918 1404 ipse
947 1323 1113 1384 eonservni
1141 1318 1259 1398 eedem,

104 1427 193 1492 eolus
214 1425 388 1510 emplifieet
410 1429 458 1504 et,
482 1447 553 1492 eum
575 1426 663 1504 vult,
694 1425 882 1504 labefieret,
913 1425 982 1510 ipse
1004 1429 1053 1491 eet
1076 1425 1131 1509 qui
1152 1428 1259 1489 trene-

103 1531 169 1596 ἰωή
192 1530 259 1608 illa,
281 1551 369 1596 nune
389 1530 428 1595 ad
452 1529 544 1608 hone,
567 1531 710 1596 nuncin
734 1531 825 1596 illam
847 1534 992 1617 gentem,
1022 1534 1060 1595 ui
1081 1537 1168 1596 certo
1191 1534 1258 1596 ete-
1342 1590 1346 1598 .

103 1641 243 1713 mamus,
268 1636 371 1720 iprum
394 1657 461 1701 eree
482 1635 575 1700 illum
598 1635 719 1716 Jovem,
743 1636 832 1720 eujus
853 1637 962 1701 omnio
982 1636 1078 1719 plena
1099 1641 1184 1702 euni.

103 1737 177 1806 Jnm
197 1761 281 1818 vero,
304 1741 389 1805 inter
403 1741 466 1806 elin
482 1741 593 1820 mulin,
617 1763 687 1828 quae
703 1765 759 1827 per
775 1743 883 1808 orbem
898 1747 1056 1808 terrerum
1072 1743 1256 1823 extiterunt,

103 1845 250 1930 imperio,
275 1851 426 1930 quattuor
449 1847 579 1912 fuemnt
601 1848 724 1914 eximiae
739 1870 804 1932 prae
819 1848 941 1913 eoeteris
960 1850 993 1912 et
1007 1850 1160 1932 tenqoem
1176 1869 1258 1933 prae-

102 1951 205 2036 eipuae
230 1951 432 2018 monarchiae.
480 1953 620 2030 Quarum
644 1957 677 2018 et
698 1953 922 2038 potentissima
953 1952 1015 2017 fuit
1044 1957 1139 2037 etque
1161 1953 1257 2018 etiem

103 2061 276 2140 postrema,
300 2055 536 2135 Romanorum,
560 2059 778 2142 ut'seriphure
800 2057 911 2122 multis
934 2062 1008 2122 ente
1030 2056 1151 2123 saeeulie
1175 2079 1257 2142 pree·

102 2161 308 2246 significavit„
355 2162 445 2239 Quod
476 2162 603 2248 quidem
626 2164 795 2248 imperium
819 2162 948 2229 tandem
971 2162 1086 2227 ooeidit
1108 2165 1141 2226 et
1164 2161 1256 2226 disei-

103 2271 217 2350 pntum
239 2273 308 2346 eet,
343 2267 513 2334 uterina
536 2269 615 2349 trie,
648 2291 719 2354 quee
744 2269 855 2334 ordine
883 2271 1112 2354 precesserunt
1141 2267 1256 2350 ipsum.

105 2369 190 2435 Nam
213 2375 246 2436 et
268 2372 308 2436 ed
330 2373 483 2438 orientem
509 2377 543 2438 et
563 2374 758 2440 oecidentem
789 2373 888 2440 solem
915 2371 1071 2438 letissime
1099 2371 1256 2457 regnarit.
1314 2439 1317 2446 ,

674 2496 692 2534 ιι

102 2579 209 2666 ςοΒεῒ,
254 2581 329 2648 Und
352 2581 444 2647 dweil
467 2605 500 2648 ee
522 2585 597 2648 inen
628 2607 668 2649 en
702 2583 874 2670 gdiliehem
905 2580 1072 2647 erknntnis
1103 2579 1257 2664 mugiet,

102 2685 208 2750 haben
231 2687 279 2751 eie
300 2709 334 2752 es
357 2687 471 2753 Fatum
495 2689 677 2775 geheissen‚
709 2690 760 2754 ein
785 2689 880 2775 ding,
904 2688 959 2752 dee
981 2684 1168 2770 enidnglioh
1191 2683 1257 2748 eleo

102 2791 255 2856 remehen
279 2797 339 2870 ist,
362 2794 428 2858 und
451 2793 622 2860 derhnlben
645 2794 712 2860 eleo
734 2794 837 2880 gehen
861 2796 948 2870 mdo,
978 2789 1045 2856 und
1069 2790 1119 2855 nii
1140 2789 1254 2855 andere

102 2897 171 2961 eoin
195 2919 281 2982 meg.
327 2897 399 2964 wir
430 2899 522 2977 eber,
553 2900 613 2964 den
636 2899 692 2965 des
715 2899 814 2964 lieeht
835 2899 890 2963 der
913 2896 1047 2963 werheii
1069 2894 1253 2964 erseheinen

103 3001 156 3076 iet,
179 2999 293 3065 vimen
316 3002 382 3067 nnd
404 3003 542 3088 glauben
564 3002 747 3090 eigentlieh‚
771 3004 826 3068 dee
847 3002 928 3068 oller
945 3001 1024 3086 ding
1045 2999 1174 3085 enfang‚
1198 3021 1253 3065 ur-

101 3127 242 3190 eprung,
275 3127 397 3185 wesen,
426 3108 616 3194 erhnlhung‚
646 3110 801 3196 regimng
824 3106 888 3174 und
911 3127 1075 3193 eusgmg,
1107 3127 1168 3171 von
1194 3103 1258 3170 Goi

102 3209 320 3295 almechtigen
344 3212 524 3291 berhomi,
546 3214 611 3278 nnd
636 3213 714 3278 alles
737 3231 777 3278 en
801 3214 845 3277 im
868 3212 965 3278 ellein
987 3212 1116 3296 hangei.
1163 3208 1257 3274 Denn

102 3307 163 3380 voir
188 3315 235 3379 im
258 3315 374 3380 komen
397 3315 459 3381 elle
481 3318 685 3404 kdnigreioh‚
711 3317 919 3396 Potentem,
952 3316 1017 3382 und
1042 3315 1120 3380 oller
1142 3312 1259 3398 gewolt

100 3419 171 3484 oud
192 3419 299 3485 erden.
345 3420 455 3486 Dureh
479 3423 522 3486 in'
535 3425 659 3488 werden
690 3424 736 3488 eie
765 3421 928 3496 erhnlten,
963 3419 1027 3485 nnd
1060 3417 1182 3505 gehend
1214 3419 1258 3482 im

100 3523 276 3610 oehwong,
311 3525 411 3590 dureh
434 3526 467 3589 in
490 3527 613 3592 werden
636 3529 682 3592 sie
705 3527 836 3593 erhdhet
859 3527 923 3591 und
949 3524 1124 3602 nereidem,
1159 3523 1258 3589 durch

101 3631 136 3694 in
159 3630 288 3694 werden
311 3629 358 3696 eie
380 3653 441 3696 von
467 3631 553 3696 einer
574 3630 696 3697 Notion
719 3631 788 3697 nuff
807 3633 858 3697 die
880 3631 977 3696 ander
998 3628 1178 3715 gewendet‚
1203 3629 1258 3692 de-

100 3735 164 3799 mit
186 3757 221 3800 er
244 3736 378 3820 gewieee
401 3735 466 3800 nnd
490 3737 577 3802 klare
599 3738 779 3823 anzeigung
800 3738 881 3823 gibt,
906 3737 960 3801 dee
983 3749 1065 3800 eree
1081 3735 1178 3818 genie
1193 3733 1259 3798 und

100 3861 170 3926 ger,
194 3841 276 3906 anob
300 3841 412 3919 ollem,
434 3841 467 3906 in
491 3840 574 3906 allen
598 3843 716 3928 dingen
740 3844 793 3907 iet.

193 3943 269 4009 Nun
301 3945 374 4010 sind
411 3943 509 4010 neben
542 3947 679 4012 anderen
711 3945 902 4011 Potenieten
932 3946 1000 4010 rier
1031 3967 1157 4032 grosner
1187 3943 1258 4009 Mo·

102 4050 304 4134 [4]nereheie
318 4051 397 4115 oder
419 4051 589 4136 regierung
611 4073 764 4136 germen,
789 4051 893 4140 under,
909 4049 1051 4116 welchen
1073 4050 1123 4115 die
1146 4050 1256 4116 Bomi-

100 4155 194 4231 orhe,
228 4155 311 4220 neoh
335 4153 538 4239 nueweieong
560 4157 615 4220 der
637 4155 787 4234 Sehriffi,
818 4156 869 4220 die
900 4153 1099 4241 gewoldigste
1122 4156 1186 4220 und
1209 4154 1259 4220 die

82 4259 194 4324 dente
215 4260 282 4326 eoin
307 4261 375 4338 sol,
400 4258 453 4324 die
473 4259 611 4325 endtlioh
636 4261 733 4341 nnoh,
756 4261 816 4324 wie
838 4261 889 4325 die
911 4261 1026 4324 endere
1049 4259 1115 4325 drei
1138 4261 1257 4346 rorigo,

102 4363 198 4429 omer
218 4365 373 4453 gefnllen.
422 4363 530 4450 Gegen
552 4365 706 4452 ouffgeng
733 4365 799 4430 und
831 4363 1010 4451 nidergeng
1043 4364 1099 4430 der
1120 4363 1258 4443 Sonoen,
