3172 4958
694 353 754 416 111

147 521 243 588 fratis
278 521 386 608 gladio
420 521 534 588 cecidit
570 526 604 588 et
623 521 815 589 Holofernes
845 523 910 589 dux
931 523 1089 604 invictus,
1123 528 1301 610 prostratus

146 648 246 693 manu
267 628 425 708 muliebri,
453 629 593 715 pugione
614 649 671 693 suo
695 633 791 713 caput
821 629 940 695 amisit.
986 629 1013 696 Ο
1037 652 1133 714 qnam
1156 631 1301 708 amabile,

147 731 239 798 duloe
261 737 293 798 et
314 754 409 799 omne
430 737 602 800 venenum!
627 732 704 800 Odis
726 738 879 814 amantes,
903 734 1011 820 diligis
1026 739 1060 800 te
1081 736 1299 814 abhorrentes,

146 837 264 903 oooidis
283 840 316 903 te
330 837 538 922 perfruentes,
561 837 739 923 submergio
761 843 794 904 te
815 843 984 916 sectantes,
1008 840 1176 906 abutentes
1199 841 1299 918 laedie,

115 941 283 1008 smederis
305 946 431 1009 utentes
452 947 495 1023 te,
519 943 685 1008 utentibus
707 964 781 1008 vero
790 943 992 1008 mellitumes
1006 965 1172 1010 venenum
1219 944 1296 1020 Qui·
1338 1009 1348 1028 ,

145 1047 207 1113 bus
228 1046 377 1114 diffinitis
399 1047 537 1114 recessit.

249 1255 530 1322 Proverbium
553 1260 704 1322 eontra
726 1262 938 1322 amatores
960 1257 1190 1345 pinguium.

356 1429 410 1496 De
432 1452 557 1514 aqua,
581 1432 675 1496 oleo
698 1436 736 1497 et
758 1431 942 1512 flamma,
967 1455 1034 1520 cap.
1060 1439 1091 1502 6.

236 1571 273 1637 In
305 1571 452 1657 lampade
481 1574 585 1639 vitrea
615 1574 732 1660 degens
759 1596 830 1639 cum
860 1575 964 1641 oleum
987 1597 1077 1660 aquae
1099 1573 1300 1656 superfusum

102 1696 134 1735 ro
147 1677 239 1761 prius
260 1677 451 1742 descendens
474 1677 508 1742 in
521 1678 641 1756 infima,
665 1699 737 1743 mor
760 1679 793 1743 in
815 1679 966 1746 sublimia
980 1683 1169 1756 moveretur,
1192 1677 1300 1742 locuta

147 1785 197 1846 est
208 1802 292 1865 aqna
305 1781 336 1845 ei
347 1781 469 1847 dicens:
485 1783 620 1867 utquid,
637 1781 745 1860 frater,
761 1804 855 1867 super
867 1805 926 1863 me,
943 1786 1061 1868 quaein
1077 1783 1168 1849 olivae
1182 1782 1297 1847 radici-

148 1886 208 1950 bus
222 1888 255 1951 te
270 1886 401 1966 nutrivi,
424 1891 515 1950 tanto
535 1886 657 1971 impetu
673 1888 916 1974 ingratitudinis
931 1893 1038 1973 spreta
1052 1887 1228 1954 reverentia
1243 1888 1299 1952 ad·

147 1991 321 2056 seendisti?
343 1989 395 2056 Ad
418 1991 498 2056 illud
520 1993 704 2076 respondit:
728 1993 846 2076 quippe
869 1997 991 2058 uaturae
1014 1993 1169 2078 impetum
1192 1997 1224 2057 et
1244 2014 1296 2056 ra·

147 2097 246 2162 tionis
278 2097 416 2182 vigentis
453 2118 586 2180 sequeus
615 2118 776 2182 gressum,
815 2119 876 2181 quo
900 2098 958 2164 illa
979 2098 1125 2182 impulit,
1166 2097 1227 2161 hue
1249 2118 1300 2160 me
1430 2107 1432 2110 ’

102 2221 131 2260 1⁶
148 2202 252 2268 direxi
274 2223 332 2268 neo
353 2202 429 2268 lieet
450 2202 578 2286 quidem
601 2201 751 2268 rebellem
775 2221 843 2266 esse
864 2206 1002 2279 naturae3
1034 2223 1140 2267 noune
1162 2206 1215 2281 tu,
1246 2224 1299 2268 oa-

145 2306 284 2386 rissima,
307 2305 491 2390 impellente
512 2328 549 2370 ea
571 2327 642 2371 oum
666 2309 761 2391 grata
783 2306 907 2390 superis
927 2305 1052 2384 fuisses,
1076 2306 1237 2372 abstracta
1262 2308 1299 2372 de

146 2413 292 2496 supernis
323 2433 396 2477 mor
425 2412 461 2477 in
488 2413 553 2478 ima
573 2411 785 2478 descendisti?
809 2412 861 2476 Ad
893 2411 960 2476 haeo
991 2432 1073 2494 aqua
1095 2410 1201 2495 quiete
1224 2412 1298 2476 sub-

142 2517 269 2601 junxit:
291 2520 329 2582 ut
346 2517 447 2594 video,
470 2517 565 2596 nosti,
588 2516 664 2582 dooe
683 2539 753 2594 me,
776 2538 840 2600 quo
855 2517 947 2581 modo
963 2520 1079 2581 natura
1092 2519 1299 2598 supernatare

145 2625 178 2688 te
192 2621 316 2688 faeiat?
339 2620 397 2687 Cui
419 2621 523 2687 oleum
546 2621 644 2687 dixit:
668 2621 701 2686 in
724 2626 875 2706 promptu
897 2623 1076 2698 causaest,
1107 2619 1182 2702 quia
1204 2620 1300 2702 ignea

102 2753 132 2792 ao
145 2727 464 2812 pingredomelevat.
498 2725 587 2803 Quod
596 2726 723 2809 quidem
732 2747 816 2809 aqua
822 2725 993 2812 diligenter
1001 2728 1133 2790 notante
1139 2724 1251 2788 statim
1265 2724 1298 2788 in

145 2831 263 2918 lychno
285 2851 416 2897 aooeusa
438 2829 579 2895 scintilla
601 2851 635 2894 se
656 2830 754 2914 eoepit
775 2829 844 2896 oleo
875 2830 1013 2909 nutrire,
1049 2849 1182 2913 eumque
1214 2828 1294 2893 illud

145 2959 180 3002 se
208 2937 329 3002 rideret
352 2935 510 3022 gradatim
535 2937 718 3012 decressere,
749 2935 907 3000 flammam
930 2955 1005 2999 vero
1035 2955 1223 3010 exerescere,
1254 2933 1300 2998 sio

144 3043 301 3130 paulatim
323 3041 527 3126 indignatum
550 3040 652 3105 fertur
668 3039 796 3105 dixisse:
819 3038 980 3104 adhaesisti
995 3038 1143 3116 suaviter,
1168 3043 1204 3102 ut
1219 3060 1297 3102 oon·

144 3167 285 3212 sumeres
319 3145 438 3212 sosium
468 3144 704 3222 fraudulenter,
742 3143 869 3227 quando
892 3142 1062 3208 satiabitur
1084 3141 1177 3207 ardor
1200 3145 1299 3206 tuus?

102 3277 131 3316 ae
145 3249 189 3316 nt
217 3251 290 3318 illa:
325 3249 442 3336 qnippe
479 3249 605 3334 quando
644 3247 854 3312 desiccabitur
893 3247 1090 3312 unctuositas
1125 3250 1199 3323 tua;
1235 3247 1299 3312 nisi

145 3358 231 3422 enim
254 3379 273 3422 a
296 3361 329 3421 te
351 3357 439 3441 prius
461 3359 644 3420 amoveatur
676 3353 853 3438 pinguedo,
884 3375 903 3418 a
933 3373 983 3417 me
1012 3352 1139 3436 quidem
1168 3353 1298 3417 combu-

146 3463 236 3528 rendi
249 3484 312 3527 uon
325 3461 523 3546 separabitur
546 3461 638 3526 satie.
685 3460 737 3523 An
754 3459 892 3544 ignoras,
916 3457 998 3542 quod
1022 3457 1062 3522 ab
1079 3454 1240 3522 Asbesto¹
1263 3457 1297 3522 in

145 3571 299 3632 aternum
331 3588 395 3632 uon
429 3587 575 3650 separor,
609 3565 759 3648 quoniam
789 3568 944 3628 unctuoso
982 3562 1111 3628 humido
1146 3562 1175 3626 ei
1213 3563 1298 3626 inse·

145 3672 333 3756 parabiliter
353 3670 534 3737 adhaerente
556 3671 636 3736 vivit
657 3671 810 3754 perpetuo
833 3690 922 3732 maus
944 3668 1059 3753 vigor?
1093 3665 1145 3732 Sis
1166 3666 1200 3730 in
1223 3667 1297 3732 vitae

105 3801 133 3840 so
147 3776 322 3862 primordio
345 3775 442 3842 semel
464 3776 498 3840 in
521 3774 663 3860 eorporis
684 3773 832 3838 medullis
854 3793 985 3837 aceensa
1010 3771 1133 3836 tamdiu
1153 3771 1297 3848 exardeo,

146 3881 299 3966 quamdin
321 3881 355 3944 in
380 3881 420 3945 iis
442 3879 582 3946 oibativa
603 3879 752 3964 reguabit
774 3877 944 3963 pinguedo.
990 3874 1106 3958 Nonne
1132 3877 1225 3940 ardor
1257 3875 1298 3940 li·

145 3986 264 4052 bidinis
286 3989 414 4052 tantum
426 3985 638 4068 protenditur,
661 3987 815 4068 quantum
842 3983 910 4047 vita
933 3982 966 4045 in
991 3978 1118 4046 luxuria
1140 3981 1295 4044 incrassa-

126 4094 224 4158 tur?
248 4089 369 4167 Quibus
391 4090 485 4156 dietis
507 4091 580 4173 post
595 4088 752 4154 modicum
775 4091 941 4153 consumto
964 4084 1033 4151 oleo
1056 4085 1184 4150 flamma
1207 4085 1297 4150 venit

144 4199 184 4262 ad
207 4219 330 4281 aquam.
377 4193 474 4280 Cujus
495 4191 680 4276 extemplo²
704 4197 816 4257 eontra
837 4191 975 4256 calidum
998 4189 1101 4275 frigus
1123 4210 1214 4254 suum
1238 4211 1296 4274 ap·

713 4313 731 4350 *

215 4425 229 4480 1
249 4419 361 4478 Andera
377 4418 482 4476 falech:
502 4419 580 4475 aestu
652 4415 797 4473 ddndsre
815 4415 891 4473 lesen
909 4413 1067 4486 anriehtig:
1086 4411 1222 4484 exemplo.
