3146 4962
803 297 867 361 236

263 472 428 538 subrufum
459 473 593 538 colorem
625 472 737 550 habet,
768 471 906 537 maculas
937 493 993 556 per
1022 475 1126 537 totum
1154 475 1281 560 nigras3
1311 473 1418 539 multo

262 577 400 643 minores
412 581 487 642 sunt
503 599 598 661 quam
614 577 728 642 leones.
768 575 959 661 Leopardus,
983 577 1110 661 quando
1132 579 1271 644 eomedit
1284 579 1417 663 aliquod

264 704 428 760 venenum,
452 685 573 748 stereus
596 681 735 747 hominis
765 682 897 766 quaerit,
920 683 1003 766 quod
1027 683 1180 762 eomedit,
1209 689 1242 749 et
1271 689 1415 749 sanatur.

264 787 459 854 Ambrosius.
505 788 564 853 Hae
587 788 694 853 bestiae
714 791 789 853 sunt
804 787 1025 852 crudelissime
1041 788 1242 867 naturaliter,
1266 790 1313 853 ita
1327 789 1416 874 quod

237 895 308 960 esic
330 894 531 959 domesticari
553 916 617 960 non
640 897 781 980 possunt,
806 897 842 957 ut
863 893 1093 958 obliviscantur
1115 894 1313 960 crudelitatis
1337 915 1415 962 suae.

263 997 521 1064 Domesticantur
542 1004 649 1064 tamen
673 999 711 1063 ad
733 999 921 1063 venandum.
968 996 1074 1083 Igitur
1105 997 1180 1063 dum
1210 999 1415 1084 adpraedam

263 1105 298 1169 in
321 1104 488 1170 venatione
512 1104 679 1184 ducuntur,
703 1104 896 1180 relaxantur,
920 1125 1016 1187 quam
1039 1103 1067 1167 si
1089 1107 1204 1186 quarto
1227 1108 1283 1168 aut
1297 1106 1415 1188 quinto

263 1212 346 1276 saltu
370 1233 433 1276 non
456 1214 693 1295 potestcapere,
716 1209 862 1274 subsistit
883 1209 983 1274 iratus
1006 1208 1143 1289 fortiter,
1167 1213 1200 1274 et
1222 1209 1283 1274 nisi
1301 1210 1414 1274 statim

264 1319 396 1380 venator
418 1314 540 1380 furenti
562 1315 670 1380 bestiae
693 1316 832 1399 aliquam
854 1314 989 1380 bestiam
1005 1315 1128 1394 offerat,
1152 1316 1241 1398 cujus
1256 1315 1415 1400 sanguine

225 1441 250 1479 ιο
264 1422 423 1507 placetur,
463 1421 557 1485 irruit
594 1422 627 1485 in
660 1426 842 1486 venatorem
875 1420 924 1485 vel
953 1441 1156 1505 quoscunque
1177 1421 1305 1501 obvios,
1338 1421 1416 1505 quia

264 1525 459 1611 impossibile
489 1529 537 1592 est
566 1526 684 1609 placari
712 1549 782 1591 eum
810 1526 873 1590 nisi
898 1526 1117 1611 insanguine.
1163 1526 1226 1592 Hie
1248 1526 1415 1613 pugnabat

264 1655 334 1698 cum
357 1632 501 1710 dracone,
525 1630 578 1695 sed
602 1652 665 1696 non
689 1631 890 1716 praevalebat,
914 1634 1044 1716 propter
1066 1633 1151 1716 quod
1172 1634 1212 1697 ad
1227 1632 1415 1698 unicornem

264 1737 404 1823 perrexit
435 1742 468 1803 et
493 1736 657 1801 humiliter
680 1739 784 1821 ipsum
807 1738 981 1802 obsecravit
1003 1738 1128 1803 dicens:
1157 1739 1299 1804 eminens
1322 1761 1355 1804 es
1376 1759 1415 1803 ac

263 1844 421 1908 virtuosus
444 1845 478 1906 et
500 1842 610 1908 doctus
633 1841 719 1919 belli,
743 1847 817 1926 peto
833 1842 958 1921 obnixe,
982 1843 1066 1927 quod
1087 1865 1137 1908 me
1159 1842 1308 1908 defendas
1323 1866 1343 1908 a
1359 1842 1412 1908 fu·

225 1967 335 2012 urere
358 1947 512 2013 draconis.
559 1945 730 2011 Unicornis
752 1952 858 2012 autem
881 1970 916 2013 se
930 1948 1102 2013 sublimare
1117 1949 1214 2034 oepit
1237 1949 1413 2014 etaudiens

265 2053 303 2118 de
331 2074 364 2117 se
394 2052 470 2117 talia
500 2051 563 2116 dici
592 2051 652 2116 ait:
685 2073 793 2117 verum
824 2053 919 2131 dicis,
950 2053 1025 2137 quia
1054 2054 1164 2118 doctus
1193 2076 1263 2119 sum
1294 2054 1412 2138 proelii,

265 2161 432 2243 propterea
453 2157 572 2243 optime
596 2156 766 2222 defensabo
789 2163 830 2237 te,
855 2157 921 2222 noli
944 2179 1067 2242 pavere,
1089 2181 1160 2225 cum
1182 2159 1269 2224 eninr
1291 2160 1415 2244 aperiet

266 2263 358 2328 draco
381 2283 526 2340 ossuum,
551 2262 584 2325 in
599 2264 730 2348 gutture
746 2264 849 2347 ipsum
873 2284 970 2328 cornu
988 2263 1165 2347 perforabo.
1211 2263 1291 2328 (lum
1305 2267 1413 2330 autem

255 2343 305 2434 'ad
329 2369 493 2434 draconem
516 2368 636 2452 pariter
661 2369 830 2446 venissent,
852 2368 1019 2453 leopardus
1041 2369 1159 2434 bellum
1183 2369 1326 2435 initiavit
1340 2391 1413 2454 spe·

226 2493 252 2532 2⁰
265 2495 339 2541 rans
363 2472 530 2538 deauxilio
544 2473 715 2540 unicornis
762 2473 865 2538 Draco
887 2495 959 2539 vero
982 2474 1115 2539 certavit
1137 2475 1284 2540 adversus
1306 2497 1358 2540 eos
1382 2481 1413 2540 et

265 2583 372 2666 ignem
395 2582 428 2643 et
448 2577 593 2643 faetorem
616 2601 653 2644 ex
676 2601 729 2644 ore
752 2580 927 2660 emittebat,
951 2579 1004 2644 sed
1027 2601 1096 2644 cum
1118 2601 1153 2644 os
1168 2582 1316 2663 aperiret,
1339 2581 1414 2644 uni·

265 2684 369 2751 cornis
398 2705 492 2768 quam
524 2684 617 2748 citius
647 2685 786 2750 cucurrit
814 2684 923 2749 volens
954 2685 1058 2769 ipsum
1090 2685 1123 2748 in
1153 2691 1284 2771 gutture
1305 2689 1413 2750 trans-

265 2791 398 2866 vibrare,
422 2790 515 2854 draco
537 2810 610 2854 vero
633 2789 768 2874 agitavit
790 2794 885 2873 caput
907 2794 938 2854 et
953 2790 1115 2854 unicornis
1129 2811 1227 2855 cornu
1242 2790 1277 2856 in
1292 2795 1414 2855 terram

264 2897 336 2960 lixit
360 2895 465 2960 dicens
488 2895 668 2959 moriendo:
691 2895 745 2976 qui
769 2895 912 2978 proelio
936 2896 1004 2959 vult
1019 2916 1171 2980 pugnare,
1194 2896 1284 2980 cupit
1298 2899 1413 2960 setru-

227 3017 252 3056 2⁵
265 3003 379 3069 cidere.
425 2999 477 3064 Sic
498 3000 583 3064 enim
606 2998 739 3064 stultum
764 3004 830 3077 est,
855 2999 892 3064 de
916 3021 949 3064 se
972 2999 1126 3064 confidere
1148 3021 1184 3064 ac
1205 2998 1244 3064 de
1267 3001 1415 3084 quesibi

265 3131 329 3173 non
358 3107 498 3193 pertinet
519 3104 695 3190 agonizare.
741 3104 831 3170 Unde
860 3103 942 3171 Eccl.
967 3102 1050 3168 XI⁰:
1081 3103 1118 3169 de
1141 3125 1177 3170 ea
1199 3127 1249 3186 re,
1281 3127 1351 3190 quae
1381 3111 1415 3171 te

265 3237 329 3280 non
354 3213 510 3288 molestat,
534 3232 574 3274 ne
596 3209 774 3275 certaveris.
821 3207 907 3294 Ergo
931 3209 1054 3293 require
1075 3209 1110 3272 in
1133 3209 1239 3275 animo
1261 3215 1317 3275 tuo
1340 3233 1359 3276 e
1381 3215 1414 3276 te

266 3319 440 3410 ips0„quis
463 3338 515 3394 es,
543 3316 618 3398 quid
640 3313 742 3380 facere
765 3315 828 3393 vis,
852 3318 959 3380 utrum
982 3313 1100 3379 factum
1123 3314 1203 3380 illud
1227 3315 1266 3380 ad
1287 3320 1319 3382 te
1342 3337 1414 3400 per-

265 3425 377 3489 tineat.
423 3422 473 3486 Ad
503 3421 608 3486 minus
640 3421 678 3484 ad
711 3420 809 3486 alium
841 3425 874 3486 te
896 3421 1071 3486 immiscere
1103 3441 1165 3485 non
1189 3419 1291 3486 debes.
1337 3419 1415 3485 Noli

227 3550 323 3615 supro
352 3527 415 3592 alio
448 3548 591 3614 pugnare
622 3547 680 3591 nec
711 3525 795 3591 inter
827 3526 1040 3592 discordantes
1073 3525 1260 3591 discordiam
1287 3546 1413 3611 augere,

267 3637 319 3701 scd
343 3634 412 3713 fae,
441 3637 478 3697 ut
512 3633 589 3698 dicit
611 3631 745 3698 Seneca:
780 3654 903 3718 semper
935 3632 1088 3697 dissensio
1118 3632 1158 3696 ab
1182 3631 1245 3696 alio
1268 3632 1415 3716 incipiat,

267 3766 286 3808 a
309 3746 340 3806 te
362 3739 585 3805 reconciliatio.
632 3736 766 3814 Quidam
788 3736 943 3802 bellantes
966 3737 1109 3823 aggressi
1132 3741 1207 3802 sunt
1237 3719 1414 3816 inimicum,

267 3845 423 3912 sedulius
446 3844 575 3929 quidam
598 3843 738 3909 cucurrit
760 3842 867 3907 volens
890 3843 995 3926 ipsum
1019 3841 1185 3907 defendere
1215 3846 1249 3907 et
1278 3843 1416 3907 armavit

182 3979 185 3990 ⁴
267 3975 299 4017 se
329 3973 436 4016 versus
466 3949 612 4014 inimicos
643 3948 739 4014 illius.
785 3947 841 4012 Illi
871 3953 977 4012 autem
1006 3949 1175 4014 dixerunt:
1203 3947 1318 4025 amice,
1354 3945 1414 4011 tibi

228 4077 253 4117 es
268 4056 418 4140 injuriam
441 4077 504 4120 non
530 4054 673 4132 facimus,
697 4053 773 4118 to'lle
797 4053 880 4136 quod
902 4057 993 4118 tuum
1017 4056 1119 4118 estet
1141 4053 1235 4132 vade,
1263 4051 1413 4136 quoniam

268 4164 306 4228 de
328 4161 457 4226 inimico
480 4165 590 4225 nostro
616 4159 788 4225 vindictam
811 4135 989 4243 querimus.
1036 4156 1095 4234 Qui
1124 4179 1188 4222 non
1212 4157 1414 4241 acquiescens

267 4266 465 4332 sermonibus
487 4286 594 4330 eorum
626 4267 665 4331 ad
687 4265 805 4331 bellum
828 4269 940 4330 contra
963 4285 1014 4327 eos
1045 4285 1078 4328 se
1100 4261 1233 4347 paravit.
1280 4259 1333 4325 Illi
1356 4281 1414 4324 au-

267 4376 332 4436 tem
355 4371 515 4456 indignati
537 4393 608 4436 cum
630 4371 759 4436 inimico
782 4371 886 4454 iprum
909 4368 1147 4434 mutilaverunt.
