3172 4962
472 1177 735 1273 TABULA
763 1171 1231 1270 APOLOGORUM.

281 1490 425 1560 Prologus.

482 1629 578 1694 Liber
600 1625 626 1691 l.

282 1750 323 1805 De
342 1749 426 1820 vulpe
444 1751 473 1805 et
492 1765 581 1804 eorvo.
602 1749 625 1804 1.

282 1838 323 1893 De
341 1837 439 1908 equile
457 1837 487 1890 et
505 1835 570 1890 sole.
589 1835 613 1889 2.

281 1924 322 1979 De
340 1940 430 1986 corvo,
450 1922 535 1990 vulpe
553 1922 582 1974 et
600 1919 690 1976 simin
710 1922 735 1976 3.

282 2011 323 2066 De
341 2010 439 2066 cicade
457 2011 486 2064 et
503 2007 628 2064 formica.
647 2009 672 2064 1.

282 2099 323 2153 De
341 2114 423 2153 corvo
440 2098 469 2152 et
488 2095 580 2165 vulpe.
600 2097 624 2148 5.

283 2185 323 2240 De
342 2200 448 2240 urenen
466 2185 496 2238 et
513 2197 617 2236 musea.
636 2183 661 2236 6.

283 2271 324 2326 De
340 2287 420 2325 mure
438 2270 467 2324 et
485 2268 634 2324 testudine.
654 2272 678 2325 7.

282 2359 323 2414 De
340 2359 402 2413 ueto
420 2358 448 2412 et
467 2358 557 2412 naute
576 2355 721 2427 piscatore.
742 2354 767 2408 8.

283 2445 324 2500 De
342 2445 427 2515 vulpe
444 2447 473 2500 et
491 2443 581 2500 nimie.
601 2446 628 2499 9.

282 2532 324 2587 De
341 2532 458 2588 formica
478 2535 507 2588 et
525 2533 617 2602 vulpe.
639 2531 680 2587 10.

282 2615 324 2674 De
342 2619 413 2675 bove
431 2623 461 2675 et
479 2636 568 2690 porco.
591 2620 631 2673 11.

283 2706 325 2762 De
343 2723 414 2776 equo
432 2708 461 2761 et
479 2706 557 2762 bove.
579 2705 620 2758 12.

283 2793 325 2848 De
341 2793 427 2863 vulpe
445 2795 475 2848 et
492 2809 581 2850 corvo.
602 2793 642 2846 13.

283 2880 324 2935 De
341 2880 412 2936 bove
430 2882 459 2935 et
476 2880 552 2951 lupo.
575 2880 615 2934 14.

283 2966 324 3021 Ι)ο
341 2984 423 3023 corvo
441 2969 470 3022 et
488 2984 569 3022 rena.
591 2968 631 3022 15.

185 3047 190 3055 ’
281 3054 323 3109 De
340 3055 411 3111 bove
429 3056 458 3110 et
477 3052 565 3109 esino.
586 3055 625 3109 16.

195 3199 199 3206 ,
282 3141 322 3196 Ι)ο
342 3140 399 3197 nole
418 3143 447 3196 et
464 3140 607 3197 Mereurio.
629 3141 669 3196 12.

282 3228 323 3283 De
341 3228 428 3294 leone,
448 3229 534 3299 vulpe
554 3230 583 3284 et
602 3244 687 3284 mure.
710 3227 753 3282 18.

282 3315 322 3370 De
342 3313 463 3370 evineeio
481 3317 510 3370 et
529 3315 666 3385 vipenuln.
687 3315 727 3370 19.

282 3403 323 3458 De
341 3419 423 3459 corvo
442 3404 472 3457 et
490 3402 627 3458 columbe.
646 3403 689 3458 20.

283 3490 324 3545 De
342 3507 432 3560 grano
449 3488 586 3544 frumenti
603 3491 632 3544 et
650 3489 752 3560 lepide.
771 3490 814 3543 2l.

282 3578 323 3632 De
340 3595 405 3633 urso
424 3579 453 3632 et
472 3576 611 3633 columbe.
630 3576 674 3631 22.

282 3663 322 3718 De
340 3663 425 3734 vulpe
442 3665 472 3720 et
490 3663 596 3734 aspide.
615 3663 659 3718 23.

281 3751 322 3806 De
340 3751 426 3822 vulpe
443 3751 651 3822 peregrinante.
670 3753 712 3806 24.

283 3838 323 3893 De
342 3855 417 3904 eure,
437 3840 549 3902 nature,
569 3839 658 3895 oeulo.
676 3841 719 3894 25.

283 3925 404 3990 Geloeie,
424 3926 562 3990 aubenton,
581 3925 733 3982 vinnelitee.
752 3927 796 3984 26.

281 4012 323 4068 De
340 4013 428 4080 lauro,
447 4012 531 4078 olive,
549 4014 654 4084 palme.
674 4015 717 4070 27.

474 4153 570 4221 Liber
593 4154 636 4222 ΙΙ.

281 4292 323 4347 Ι)ο
341 4297 405 4348 uere
423 4294 453 4347 et
470 4310 553 4365 equa.
575 4295 599 4349 1.

282 4379 323 4435 De
341 4377 438 4435 anime
457 4382 486 4436 et
505 4397 627 4453 torpore.
645 4381 670 4436 2
