3066 4938
647 353 707 414 143

50 561 57 573 ·
184 525 298 604 Porro,
329 545 396 590 non
419 529 466 590 est
489 523 571 609 quod
595 523 815 589 existimemus
837 523 937 589 levem
960 525 1045 591 huno
1067 547 1134 591 esse
1157 531 1253 612 atque

95 631 259 715 vulgarem
283 632 428 708 abusum,
459 651 565 694 errore
587 629 723 712 quodam
746 637 778 694 et
801 629 999 714 temporibus
1023 630 1252 711 introductum,

96 736 150 800 sed
172 737 378 822 cogitandum
402 737 450 798 est
472 734 612 818 graviter
634 755 670 798 ao
693 735 796 809 serio,
832 733 886 798 din
910 739 943 798 et
965 735 1122 812 multum,
1157 759 1253 820 quarn

7 873 8 876 ¹
98 843 212 906 misere
235 849 304 906 turn
320 841 417 907 fuerit
433 840 599 904 obseurats
615 839 667 922 pia
682 839 835 918 doctrina,
860 858 956 921 quum
977 839 1140 922 deplorata
1156 842 1254 906 fuerit

98 969 204 1011 rernm
226 947 322 1011 facies
344 967 401 1029 per
423 945 508 1008 huno
530 946 676 1008 nostrum
699 943 818 1018 orbem,
842 943 969 1026 quando
985 950 1177 1011 veteratores
1200 947 1254 1012 isti

98 1073 161 1114 nou
187 1052 377 1116 verebantur
399 1049 552 1134 ejusmodi
587 1071 660 1113 suas
695 1071 813 1113 meroes
843 1051 927 1134 apud
962 1071 1018 1114 nos
1042 1051 1253 1132 circumferre,

98 1156 227 1239 quando
249 1179 314 1220 nou
337 1155 528 1220 dubitabant
550 1175 608 1236 pro
637 1155 786 1218 contione
814 1155 947 1219 recitare
980 1156 1098 1239 populo
1130 1159 1255 1240 quidvis

97 1259 207 1338 etiam,
231 1261 436 1344 quantumvis
454 1262 609 1343 ineptum,
633 1261 768 1344 impium
785 1265 817 1324 et
833 1261 1015 1337 absurdum,
1040 1265 1167 1344 quando
1191 1285 1255 1327 non

98 1367 193 1430 modo
216 1367 331 1452 vulgis
352 1366 533 1444 hominum,
557 1366 611 1429 sed
635 1387 725 1450 reges
749 1367 847 1430 etiarn
870 1387 906 1430 ao
930 1365 1106 1450 prinsipes,
1133 1367 1166 1430 in
1189 1373 1254 1431 tam

97 1471 201 1535 taetris
225 1477 258 1536 et
280 1471 402 1536 miseris
424 1471 628 1556 opinionibus
654 1470 828 1538 baerebant.
862 1469 935 1535 Non
951 1471 1003 1536 hio
1018 1476 1146 1537 tantum
1170 1493 1257 1537 error

100 1579 133 1642 in
158 1599 195 1641 eo
220 1577 494 1661 reprehendendus
517 1577 623 1652 venit,
657 1577 711 1641 sed
745 1577 846 1659 majus
875 1577 1031 1658 quoddam
1062 1578 1141 1642 lutet
1173 1578 1256 1642 haud

101 1683 197 1747 dubie
219 1683 426 1767 mysterium,
460 1685 492 1747 et
521 1681 711 1746 inexhauste
742 1681 885 1764 quendam
915 1679 1160 1746 ioedissimarum
1184 1705 1256 1766 per·

101 1788 287 1851 suasionum
309 1786 458 1851 colluvies
480 1788 514 1850 in
538 1787 600 1852 ista
622 1787 748 1851 sentina
770 1787 959 1850 reconditur.
992 1783 1162 1851 Habebunt
1177 1787 1254 1852 olim

101 1891 225 1955 domini
248 1896 438 1975 potestatem
461 1913 587 1958 ornnem
610 1892 642 1955 in
666 1911 789 1968 servos,
819 1911 883 1954 non
916 1911 1002 1954 secus
1025 1895 1120 1974 atque
1143 1891 1177 1955 in
1200 1913 1256 1975 pe-

103 1996 210 2060 cudes.
258 1994 405 2061 Consulit
427 2001 532 2061 autem
555 1997 663 2075 Plato,
695 2019 734 2061 ne
756 1997 806 2060 vel
830 1995 941 2060 acerbe
963 1995 1012 2060 uel
1034 1997 1183 2060 iracunde
1206 1999 1257 2060 ui·

103 2101 205 2164 mium
230 2106 286 2165 aut
309 2101 477 2166 crudeliter
500 2109 532 2167 et
554 2103 631 2167 dure
654 2103 840 2166 habeantur.
873 2099 963 2177 Quod
980 2107 1015 2164 ut
1038 2099 1163 2164 facilins
1185 2123 1258 2184 per-

103 2204 258 2283 suadeat,
294 2204 377 2270 hano
409 2207 497 2271 addit
528 2207 686 2292 insignem
720 2206 935 2281 sententiam,
970 2225 1037 2269 esse
1067 2206 1195 2288 optimus
1227 2211 1259 2270 et

105 2309 336 2374 laudatissimus
358 2315 480 2376 naturae
509 2312 658 2398 signum,
694 2311 819 2395 quando
851 2310 1012 2374 moderabo
1042 2310 1112 2394 quis
1136 2311 1259 2395 agitet

104 2413 280 2479 elementer
303 2415 336 2480 in
359 2415 443 2496 illos,
467 2417 498 2480 in
523 2439 601 2501 qnos
623 2417 742 2500 alioqui
764 2415 874 2480 saevire
897 2413 1007 2498 possit.

676 2539 693 2578 ss

105 2619 186 2686 Nun
210 2645 283 2687 mus
305 2647 379 2690 man
401 2626 479 2690 eben
503 2627 662 2712 desselbig
693 2625 784 2690 stuek
815 2625 865 2689 nit
896 2624 1011 2711 gering
1044 2623 1179 2701 rechten,
1215 2621 1262 2687 als

106 2728 203 2792 einen
228 2729 425 2808 misbrnuolr‚
448 2732 503 2796 der
523 2732 585 2796 mit
606 2733 660 2796 der
683 2731 744 2795 neit
767 2729 961 2814 singerissen
985 2729 1046 2804 sei,
1071 2735 1129 2792 eto.
1175 2729 1263 2793 Aber

107 2853 186 2896 man
209 2833 258 2896 sol
281 2834 345 2898 und
370 2839 439 2900 mira
463 2836 658 2922 gedenoken,
689 2837 748 2900 wie
780 2835 841 2900 alle
864 2833 1054 2900 Christliohe
1077 2834 1160 2910 lere,
1192 2855 1263 2898 ver·

8 2973 10 2984 =
107 2938 256 3017 linwert,
286 2939 428 3004 besndlet
459 2942 523 3006 und
556 2941 751 3017 verniobtet‚
782 2941 860 3004 item
882 2941 940 3004 wie
963 2961 995 3004 es
1019 2961 1077 3024 gar
1099 2938 1150 3001 ein
1174 2959 1261 3002 armo

108 3043 232 3126 gestult
254 3042 286 3106 in
311 3043 366 3107 der
389 3045 462 3109 welt
483 3067 623 3130 genesen
649 3047 708 3122 ist,
733 3047 773 3109 da
795 3045 860 3109 dise
883 3044 1052 3109 Fluantner
1075 3043 1139 3106 und
1163 3042 1260 3126 klnge

9 3179 10 3182 ¹
109 3143 223 3224 biche,
256 3147 358 3214 baben
381 3149 485 3215 solehe
507 3150 786 3216 kauffmansohafft
808 3145 924 3214 thirren
948 3146 1140 3212 herumbher
1162 3146 1264 3254 duroh

8 3249 10 3262 '
109 3253 173 3316 alle
198 3249 395 3336 Kbnigreioh
419 3249 527 3334 iiten,
560 3259 623 3321 und
648 3258 698 3321 die
719 3257 808 3334 lent,
841 3255 918 3320 alles
942 3277 1006 3320 was
1029 3254 1075 3318 sie
1097 3273 1159 3316 nur
1181 3251 1265 3316 selbs

9 3387 11 3442 r
110 3357 242 3442 gennit,
264 3357 393 3442 gedioht
416 3363 478 3426 und
502 3366 687 3447 getrenmet‚
711 3359 860 3427 ribemedt
882 3361 995 3436 huben,
1020 3361 1060 3422 da
1080 3357 1141 3421 ulle
1157 3355 1266 3440 Konig

9 3479 10 3490 ¹
112 3463 178 3526 und
202 3461 412 3540 potestaten,
442 3466 520 3530 eben
543 3467 679 3531 wieder
702 3466 827 3552 gemein
851 3465 947 3549 pbffel
969 3465 1014 3527 im
1037 3461 1146 3526 selben
1169 3461 1263 3525 wolrn

111 3568 178 3630 und
202 3565 367 3631 irrtbumb
389 3589 529 3652 genesen
553 3572 634 3635 sind.
681 3569 722 3634 Es
752 3593 817 3635 wer
849 3569 975 3634 ireilieh
999 3568 1048 3632 nit
1071 3565 1166 3632 allelu
1190 3565 1266 3630 umb

112 3671 203 3735 dison
227 3673 344 3754 grewel
377 3695 416 3736 zu
445 3673 546 3751 thuin,
580 3675 694 3740 sunder
725 3695 758 3738 es
787 3678 873 3740 must
894 3674 957 3738 ποί
978 3678 1074 3736 etwas
1098 3661 1266 3734 mehr'da·

112 3775 236 3838 hinden
260 3779 436 3860 verborgen
459 3780 535 3842 sein.
567 3777 745 3844 Vorzeiten
769 3778 880 3843 hatten
905 3777 955 3842 die
978 3775 1028 3858 [8]
1053 3773 1165 3838 herren
1188 3769 1266 3836 fiber

113 3881 162 3944 ire
182 3879 343 3964 leibeigsn
366 3880 483 3944 lrneoht
498 3883 580 3947 allen
596 3882 721 3968 gewalt,
745 3883 893 3946 moohten
910 3881 969 3944 mit
985 3880 1059 3942 inen
1076 3877 1265 3958 umbgehen,

115 3983 176 4047 wie
198 3984 261 4046 mit
284 3983 355 4046 dem
377 3985 457 4050 vieh.
493 3985 580 4052 Aber
595 3987 687 4052 Plato
710 3987 782 4072 gibt
804 3987 863 4050 don
887 3985 969 4062 rabt,
993 4005 1067 4048 mun
1091 3982 1169 4046 solle
1191 3983 1268 4046 alles

115 4088 255 4164 irerels,
291 4088 499 4167 mirtwillens‚
532 4091 597 4156 und
620 4092 717 4176 injuri
740 4113 780 4157 an
803 4092 878 4156 inen
903 4085 1024 4172 mtssig
1047 4087 1169 4172 gehen,
1203 4088 1269 4151 und

115 4198 210 4278 negt,
248 4213 340 4256 weun
365 4194 431 4257 sich
454 4195 539 4260 einer
560 4197 698 4276 enthelt,
732 4198 791 4261 den
812 4195 929 4282 jhenen
955 4191 1179 4259 besohwerlieh
1202 4188 1268 4257 und

117 4293 300 4380 bberlestig
322 4319 361 4360 zu
383 4299 459 4377 sein,
482 4300 531 4365 die
553 4323 587 4366 er
608 4301 686 4366 doeh
709 4306 802 4366 sunst
820 4300 928 4366 mbobt
944 4299 1024 4364 nauh
1039 4298 1134 4362 aliern
1149 4297 1269 4362 seiuem

117 4401 187 4466 lust
209 4401 280 4466 und
305 4401 500 4487 wolgeiallen
523 4406 636 4493 plagen
660 4405 725 4472 und
748 4409 900 4492 engeten,
923 4427 964 4470 au
987 4404 1057 4469 dem
1080 4397 1174 4488 spire
1196 4419 1272 4467 man
