3074 4952
641 305 705 368 243

192 475 520 556 duodennium,
554 475 711 560 reliquum
743 481 809 555 est,
841 480 878 541 ut
907 462 1047 562 sopitos,
1082 479 1114 543 te
1137 475 1247 540 datum

117 603 175 646 amo
194 581 230 646 ab
248 580 299 646 illo
321 581 363 647 ad
387 581 523 646 salutem
546 601 654 645 eorum
676 581 885 670 populorum,
918 581 1033 666 quibus
1061 565 1249 666 tepraeesse

115 687 213 752 voluit
253 683 405 771 Optamus
428 691 513 751 oerte
534 707 659 765 ornnes,
683 708 719 752 ao
740 709 906 771 precamur
928 683 1048 767 Deum,
1078 691 1116 752 ut
1138 697 1247 771 quain-

115 791 266 858 ndmodnm
288 791 364 878 Cyri
395 793 538 857 animum
570 792 646 857 olim
676 792 812 858 emolliit
842 797 875 858 ot
903 793 942 858 ad
965 793 1015 858 sui
1037 793 1148 878 populi
1169 793 1248 858 libo-

111 897 254 964 rationem
270 897 530 974 accommodavit,
554 895 600 961 ita
622 917 745 982 quoque
767 900 799 962 te
822 896 872 963 his
895 897 1014 963 nostris
1036 898 1172 964 nimium
1194 898 1249 964 ad·

111 1001 199 1068 fliotis
212 1006 243 1068 et
252 1002 319 1070 fare
330 1003 503 1088 deploratis
514 1001 708 1086 temporibus
717 1001 889 1068 salutarem
900 1023 967 1068 esse
975 1002 1052 1068 velit
1063 1002 1247 1088 principem.

107 1107 146 1174 Et
165 1107 221 1174 hoo
240 1129 279 1174 eo
300 1107 518 1176 vehementius
540 1111 704 1191 optamus,
739 1129 802 1192 quo
833 1107 933 1194 major
956 1108 991 1173 in
1013 1107 1247 1194 inprudentia,

106 1212 305 1280 mansuetudo
334 1217 367 1278 et
399 1211 580 1278 hnmanitas
611 1212 885 1279 animadvertitur.
941 1209 1027 1278 Nam
1060 1213 1121 1278 etsi
1154 1235 1248 1280 nemo

105 1317 253 1383 dubitarit
275 1317 441 1396 hactenus,
466 1317 542 1402 quin
564 1316 734 1382 adversarii
756 1317 914 1402 pontificii
937 1317 1025 1383 omni
1048 1339 1164 1403 genere
1179 1341 1247 1382 ma·

105 1421 258 1490 ohinarum
286 1427 478 1490 conarentur
500 1425 532 1486 te
554 1425 707 1508 perpetuo
730 1421 769 1488 od
801 1421 919 1488 bellum
948 1421 1098 1501 incitare,
1132 1419 1247 1508 [Xiiij]

107 1549 181 1593 nuno
201 1533 310 1596 tamon
336 1528 382 1593 ita
404 1531 481 1593 sunt
500 1526 659 1613 patefacta
679 1527 821 1612 ipsorum
844 1527 991 1607 consilia,
1015 1531 1051 1592 ut
1073 1529 1159 1594 oerto
1181 1530 1247 1591 sta·

107 1633 245 1700 tuendum
264 1635 321 1714 sit,
345 1655 412 1699 osse
427 1632 539 1714 Deum,
563 1633 618 1718 qui
641 1636 779 1698 montom
801 1632 884 1698 hanc
906 1631 966 1696 tibi
990 1631 1085 1712 dedit,
1108 1635 1155 1711 ut,
1178 1653 1250 1696 oum

107 1739 247 1804 amultis
270 1759 361 1804 nuno
388 1738 481 1804 annis
511 1743 576 1804 tam
606 1736 692 1804 varie
724 1741 852 1822 tamque
882 1737 1102 1823 multiplieiter
1134 1737 1177 1802 sis
1210 1735 1250 1801 ad

105 1865 185 1909 arma
204 1843 411 1923 sollicitatus,
435 1843 516 1909 nihil
538 1847 645 1910 tamen
668 1843 820 1909 haetenus
841 1843 1019 1910 institueris
1041 1842 1081 1908 ab
1098 1841 1249 1926 aequitate

105 1953 154 2014 aot
173 1951 298 2018 ratione
324 1949 568 2016 dissentaneum.
601 1948 643 2014 llt
658 1949 740 2014 siout
754 1949 794 2014 ad
809 1949 909 2015 solam
925 1947 1119 2014 mentionem
1141 1969 1248 2012 earum
1350 1942 1353 1950 ’

104 2054 376 2137 oonjnrationum‚
412 2077 490 2140 quas
518 2055 614 2120 tacite
643 2053 791 2121 nonnulli
821 2059 853 2121 et
885 2053 1006 2120 occulto
1036 2056 1249 2138 susceperant,

103 2177 202 2224 omnes
225 2159 407 2226 oonoordiae
429 2160 534 2245 cupidi
557 2158 804 2237 exhorrescunt,
839 2159 886 2223 ita
906 2179 1031 2244 quoquo
1053 2161 1104 2239 te,
1136 2158 1250 2236 Caesar,

102 2261 295 2330 admirantur
322 2268 355 2329 et
378 2265 504 2351 magnis
526 2264 672 2330 laudibus
694 2263 870 2344 extollunt,
901 2264 956 2348 qui
984 2263 1033 2329 tui
1055 2263 1195 2328 muneris
1219 2265 1251 2326 et

104 2364 264 2452 dignitatis
287 2391 431 2448 memor,
454 2369 601 2435 omnibus
623 2369 724 2434 modis
747 2368 915 2449 laborasti,
939 2371 985 2448 ut,
1009 2368 1091 2452 quod
1115 2365 1252 2430 excitare

102 2469 146 2535 illi
167 2473 199 2538 in
220 2475 333 2559 patria
362 2475 548 2560 cupiebant,
579 2474 759 2541 incendium
791 2475 1030 2561 opprimeretur.
1078 2471 1251 2537 Maximam

101 2577 194 2664 igitur
208 2579 391 2646 immortali
402 2579 469 2646 Deo
484 2580 622 2667 gratiam
644 2567 808 2659 habemus,
829 2581 979 2665 primum,
1006 2577 1089 2663 quod
1113 2576 1252 2642 actiones

99 2683 289 2770 oonsiliaqne
313 2689 373 2750 tua
395 2686 440 2751 sio
462 2685 614 2752 hactenus
636 2685 837 2772 gubernarit,
862 2689 898 2751 ut
919 2683 1043 2749 nullum
1064 2681 1251 2768 impotentis

97 2788 190 2854 animi
213 2789 393 2876 vestigium
417 2791 450 2854 in
472 2791 517 2856 eis
540 2790 802 2875 deprehendatur,
827 2791 958 2870 deinde,
994 2789 1078 2874 quod
1108 2787 1142 2851 in
1164 2786 1250 2850 huno

98 2913 190 2976 usque
212 2895 310 2975 diem,
338 2895 413 2960 vitre
435 2899 497 2961 tuae
519 2917 645 2962 cursum
668 2895 806 2975 deduxit,
831 2918 893 2980 quo
916 2893 1021 2958 videro
1043 2897 1132 2978 potes
1156 2896 1252 2976 atquo

92 2995 239 3080 judicare,
264 3021 337 3065 non
360 3019 427 3064 esse
449 2999 548 3078 nihil,
579 2999 751 3084 quodibi,
784 2999 940 3082 aquibus
962 2996 1096 3062 antehae
1118 2995 1251 3062 alienior

97 3099 201 3181 fuisti,
236 3125 306 3170 non
339 3109 409 3169 tam
439 3107 494 3169 tua
516 3103 652 3188 quadam
674 3107 787 3188 sponte
810 3124 904 3188 quam
928 3101 1083 3187 impulsus
1106 3099 1146 3166 ab
1170 3099 1251 3180 aliis,

669 3277 687 3316 t*

98 3415 136 3482 So
160 3417 217 3484 hat
247 3415 336 3483 auch
362 3413 399 3480 Fa
415 3381 466 3484 ⁶M.
496 3416 670 3482 widerumb
702 3416 754 3481 ein
776 3437 884 3503 grosse
908 3416 1075 3502 reohnung
1097 3417 1136 3482 zi
1158 3414 1250 3480 thuin.

98 3519 137 3586 Fs
157 3523 219 3589 kan
236 3521 274 3588 E
293 3521 341 3588 Μ.
368 3521 438 3586 dem
454 3521 577 3588 Horren
601 3523 650 3587 nit
672 3526 761 3608 gnbg
784 3522 936 3600 danubem
960 3519 1039 3584 Zum
1061 3523 1174 3598 ersten,
1199 3519 1253 3583 das

99 3625 161 3692 siah
184 3627 220 3692 R
246 3627 293 3694 M.
320 3627 400 3692 umb
423 3627 505 3692 diser
528 3627 642 3692 saohen
666 3626 772 3692 willon
804 3627 837 3690 in
861 3625 975 3690 keinen
999 3625 1089 3710 krieg
1111 3623 1252 3708 begeben

98 3731 169 3812 hat,
200 3733 323 3799 welohs
356 3753 399 3798 ou
431 3731 515 3796 allen
546 3731 687 3810 zweilel‚
722 3731 792 3796 eine
820 3752 928 3816 grosso
957 3730 1041 3816 guad
1066 3727 1177 3794 Gottes
1199 3728 1251 3791 ist.

99 3834 263 3916 Dsmach,
299 3837 360 3902 das
384 3835 419 3900 El
444 3835 487 3900 M.
511 3835 540 3900 ir
562 3857 665 3901 wesen
687 3837 753 3900 und
776 3835 963 3922 regierung‚
988 3835 1038 3898 bis
1061 3838 1098 3899 ab
1122 3831 1252 3916 ietziger

97 3941 154 4006 mit
174 3935 429 4030 gldolrseliglioh
451 3940 572 4019 braoht‚
596 3940 662 4006 und
685 3939 745 4004 den
767 3944 823 4025 tog
838 3939 940 4003 erlebt
956 3939 1020 4016 hat,
1045 3937 1099 4002 das
1115 3937 1160 4002 sie
1176 3931 1253 4001 fiber

99 4045 177 4111 allen
200 4046 427 4136 vorgelrabten
449 4044 559 4110 unlust
582 4045 646 4110 und
669 4045 830 4124 unwissen,
854 4037 927 4110 zum'
948 4044 1064 4109 letsten
1086 4044 1150 4108 und
1174 4041 1251 4106 end·

100 4149 156 4216 lioh
179 4151 278 4218 dahin
304 4151 468 4217 beriohtet
490 4150 542 4228 ist,
566 4150 621 4216 das
643 4151 690 4214 sie
712 4149 872 4216 erkennen
896 4171 979 4233 mog,
1004 4170 1036 4212 es
1059 4147 1104 4212 sei
1127 4149 1176 4212 nit
1198 4151 1252 4212 ali·

102 4257 159 4320 mal
179 4279 220 4322 on
244 4255 378 4336 urnach,
403 4255 461 4320 das
482 4253 532 4318 dio
552 4253 656 4339 jhene‚
680 4275 782 4341 gegen
806 4253 922 4320 welohe
946 4251 981 4317 Ε.
1003 4253 1046 4317 Μ.
1071 4253 1169 4318 duroh
1192 4253 1252 4318 vil-

697 4369 700 4375 ’
987 4355 1044 4414 16*
