3172 4962
832 355 894 419 174

283 546 452 610 rampnum
474 530 580 592 autem
601 525 661 591 ivit
682 525 791 606 dama,
815 525 848 591 id
870 530 918 592 cst
940 547 1035 610 capra
1057 525 1229 603 silvestris,
1253 525 1327 590 dum
1351 527 1436 590 emet

282 631 316 694 iu
341 631 438 694 herba
460 631 564 695 mollis
588 635 620 695 et
641 631 784 716 pulchra,
808 635 840 694 et
863 653 948 696 exeo
970 631 1116 716 caperit
1139 630 1276 697 dulciter
1291 651 1361 696 cum
1378 651 1434 694 sa·

281 758 366 822 pore.
413 734 490 798 Post
519 757 591 800 vero
614 735 736 819 aliquos
764 735 829 799 dies
852 737 1015 801 remirdata
1037 737 1130 801 dama
1152 736 1273 820 saporis
1297 735 1427 818 rampui

283 861 407 906 reversa
437 845 486 904 est
521 840 560 903 ad
592 840 695 923 ipsum
727 841 834 905 volens
863 841 1024 906 comedere
1058 844 1096 904 ut
1124 841 1223 924 prius.
1276 839 1336 905 Sed
1362 841 1432 924 jam

256 946 436 1010 uinduratae
466 945 565 1028 spinae
595 944 742 1028 plurimae
773 946 944 1010 manebant
974 947 1007 1008 in
1039 967 1093 1022 ea,
1127 966 1205 1027 quas
1237 967 1310 1008 cum
1339 945 1434 1008 dama

281 1051 447 1126 morderet,
472 1050 505 1113 in
528 1054 658 1135 gutture
681 1054 713 1114 et
736 1051 842 1134 palato
865 1051 970 1115 infixe
992 1055 1069 1115 sunt
1093 1073 1224 1135 eamque
1240 1056 1340 1114 totam
1358 1071 1431 1114 cru·

280 1159 451 1222 cieverunt.
499 1153 601 1218 Dama
631 1157 737 1218 autern
767 1175 833 1237 prae
865 1155 1016 1238 angustia
1046 1160 1078 1218 et
1101 1155 1209 1218 dolore
1237 1159 1433 1219 tormentata

280 1261 444 1326 maledixit
467 1258 516 1322 illi
539 1259 663 1322 dicens:
689 1258 786 1334 bene,
817 1258 928 1334 miser,
952 1259 1113 1342 incepisti,
1146 1260 1199 1323 sed
1232 1281 1317 1323 nunc
1347 1259 1431 1324 male

281 1366 438 1452 profuisti.
486 1363 535 1428 lta
558 1363 651 1426 multi
675 1361 805 1438 faciunt,
829 1362 883 1444 qui
902 1363 1020 1426 bonum
1040 1363 1196 1429 inchoant
1210 1365 1244 1428 in
1259 1364 1427 1449 principio,

241 1490 267 1527 ¹⁰
281 1471 335 1536 sed
358 1471 391 1535 in
413 1468 477 1532 fine
499 1467 581 1530 male
603 1465 791 1548 proficiunt,
824 1467 956 1548 propter
986 1469 1069 1549 quod
1092 1468 1314 1535 maledictione
1337 1491 1431 1554 super

280 1597 313 1642 se
336 1576 499 1640 inducunt.
546 1569 634 1636 Sicut
657 1569 734 1634 dicit
756 1568 980 1636 Hieronimus:
1012 1593 1076 1638 non
1110 1576 1264 1657 quaeritur
1287 1576 1322 1640 in
1344 1576 1429 1641 chri-

280 1661 386 1748 stiano
409 1677 547 1754 initium,
571 1675 625 1739 sed
647 1673 730 1737 finis.
777 1671 895 1738 Paulus
918 1677 1001 1741 mala
1022 1677 1152 1762 incepit,
1176 1680 1231 1744 sed
1253 1681 1333 1746 bene
1354 1680 1429 1745 fini-

280 1787 336 1851 vit.
388 1782 554 1850 Interdum
585 1780 756 1844 laudantur
791 1781 935 1860 exordia,
969 1784 1023 1847 sed
1055 1783 1128 1848 finis
1160 1787 1430 1868 prevaricationis

280 1891 459 1956 damnatur.
505 1883 597 1950 Unde
618 1881 773 1948 Isidorus:
798 1884 871 1948 finis
894 1907 1019 1969 semper
1041 1887 1074 1951 in
1097 1887 1226 1955 homine
1242 1894 1428 1976 quaerendus

241 2011 267 2050 ru
280 2001 337 2072 est,
362 1993 437 2077 quia
459 1990 544 2054 Deus
567 2010 631 2054 non
654 1991 794 2074 respicit,
819 1992 928 2075 quales
951 1997 1027 2057 aute
1049 1993 1220 2076 fuerimus,
1244 2001 1298 2063 sed
1321 2001 1430 2082 quales

279 2101 364 2166 circa
393 2097 490 2162 finem
521 2095 595 2160 vitae
625 2095 851 2162 exstiterimus.
904 2095 946 2162 Et
979 2097 1172 2184 Cyprianus:
1210 2124 1248 2167 ex
1277 2103 1340 2169 line
1372 2126 1432 2171 suo

280 2204 497 2288 uuusquisque
531 2203 587 2266 aut
615 2201 843 2284 justificabitur
877 2207 933 2266 aut
965 2205 1238 2274 condemnabitur.
1295 2207 1430 2284 Quidam

147 2299 157 2320 ’
281 2311 372 2376 miles
395 2308 504 2373 volens
526 2305 648 2370 intrare
669 2305 856 2390 religionem
887 2309 921 2370 et
943 2308 1109 2373 attendens
1131 2312 1267 2377 crimina
1289 2317 1322 2378 ct
1344 2314 1429 2397 peri-

280 2415 360 2493 cula,
384 2434 455 2497 qua.
476 2410 613 2476 faciebat
635 2431 707 2474 cum
729 2411 850 2496 lingua,
875 2411 964 2476 misit
988 2415 1143 2496 quendam
1167 2417 1322 2482 vasallum
1337 2441 1431 2484 suum

242 2534 267 2573 so
280 2521 321 2584 ed
344 2518 501 2594 abbatem,
524 2518 562 2578 ut
584 2515 703 2579 diceret
724 2515 753 2579 ei
776 2517 974 2600 propositum
997 2539 1090 2582 suum
1113 2526 1146 2584 et
1167 2524 1252 2606 quod
1274 2527 1343 2588 erat
1357 2546 1428 2588 mu-

281 2629 351 2704 tus,
385 2629 515 2705 paratus
547 2641 604 2703 per
636 2620 744 2685 omnia
777 2620 912 2686 obedire.
971 2621 1031 2699 Qui
1065 2630 1210 2709 receptus
1243 2629 1430 2693 credebatur

282 2734 389 2796 mutus
418 2731 451 2792 et
481 2747 552 2790 cum
582 2725 719 2788 multum
743 2727 941 2809 profecisset,
973 2730 1064 2795 duxit
1093 2753 1165 2796 eum
1196 2754 1300 2797 secum
1331 2734 1428 2798 abbas

282 2835 322 2901 ad
349 2831 513 2917 quemdam
547 2830 644 2896 alium
676 2831 810 2896 militem
842 2833 876 2895 in
899 2837 1049 2899 extremis
1071 2837 1279 2902 laborantem.
1326 2840 1427 2918 Quem

280 2940 390 3004 videns
412 2938 445 3001 iu
459 2937 546 3001 exitu
568 2935 792 3000 miserabiliter
814 2937 1043 3003 adaemonibus
1066 2941 1218 3024 pertrahi,
1241 2943 1329 3007 flevit
1344 2946 1428 3009 mul·

242 3055 268 3096 2⁶
281 3049 361 3110 tum.
407 3041 453 3106 At
474 3040 538 3104 illis
562 3040 779 3104 recedentibus
801 3041 938 3105 occurrit
966 3043 1006 3106 iis
1028 3043 1157 3125 qnidam
1180 3045 1270 3110 miles
1292 3048 1428 3131 promit-

281 3155 353 3216 tens
375 3147 501 3225 abbati,
525 3145 609 3230 quod
631 3145 786 3229 expeditis
808 3144 902 3209 fectis
933 3169 1027 3231 quam
1050 3149 1144 3213 citius
1166 3151 1353 3237 religionem
1376 3155 1428 3218 in-

280 3259 390 3320 traret.
435 3251 478 3317 Et
499 3251 677 3335 preecedens
700 3251 745 3314 eis
772 3251 810 3314 de
832 3253 968 3335 quodam
990 3258 1088 3336 ponte
1111 3257 1224 3322 cecidit
1254 3258 1289 3322 in
1313 3281 1428 3344 aquam

281 3363 314 3425 et
336 3359 514 3424 submersus
536 3361 594 3421 est.
641 3353 735 3438 Oujus
758 3355 896 3420 animam
924 3357 1006 3421 vidit
1029 3359 1132 3424 dictus
1155 3361 1246 3427 miles
1269 3364 1303 3428 in
1326 3365 1429 3448 specie

281 3463 430 3531 monachi
452 3463 485 3526 in
508 3463 623 3526 coelum
646 3459 686 3523 ab
708 3460 831 3544 angelis
846 3461 970 3525 deferri.
1017 3462 1151 3548 Propter
1168 3467 1251 3551 quod
1268 3469 1427 3553 gaudebat

242 3582 268 3620 ³⁰
282 3568 482 3634 vehementer
505 3567 620 3631 ridens.
668 3565 707 3628 Et
741 3566 899 3650 adjuravit
929 3589 1001 3631 eum
1033 3570 1130 3635 abbas
1155 3575 1187 3634 in
1210 3572 1330 3639 virtute
1352 3576 1426 3640 obe·

281 3674 417 3750 dieutiae,
442 3671 535 3756 quod,
558 3672 584 3735 si
604 3676 707 3755 posset
726 3671 823 3754 loqui,
849 3671 977 3750 diceret,
1001 3696 1098 3757 quare
1114 3677 1245 3741 risisset.
1292 3677 1351 3755 Qui
1364 3683 1429 3746 ait:

280 3779 362 3844 male
384 3777 487 3843 fecisti
510 3782 620 3841 contra
646 3798 750 3841 meum
766 3776 961 3859 propositum
977 3779 1095 3843 faciens
1120 3803 1169 3844 me
1184 3781 1281 3864 loqui,
1305 3791 1337 3848 et
1353 3809 1428 3850 nar-

279 3885 364 3950 ravit
386 3884 431 3961 ei,
456 3883 537 3966 quod
561 3881 692 3947 videret.
738 3880 817 3946 Cum
848 3885 953 3947 autem
977 3884 1075 3950 abbas
1104 3907 1137 3950 se
1159 3908 1264 3952 coram
1292 3911 1329 3954 ec
1353 3914 1428 3976 pro-

279 3991 460 4066 stravisset,
484 3989 539 4052 illc
562 4008 634 4052 eum
657 3986 781 4072 erigens
804 3989 929 4072 rogavit
951 4009 984 4052 se
1006 3989 1146 4070 includi,
1180 3997 1216 4057 ut
1239 4015 1331 4059 suum
1353 4016 1428 4078 prc-

241 4106 266 4146 ³⁵
279 4095 419 4181 positum
442 4095 590 4158 servaret.

521 4265 578 4331 De
601 4267 728 4333 mirto
750 4273 793 4350 et
815 4269 1009 4350 muliere,
1034 4271 1106 4340 dial.
1133 4277 1183 4338 34.

369 4405 495 4486 Mirtus,
519 4407 597 4472 dicit
620 4407 760 4474 Isidorus
782 4407 902 4477 Ethim.
926 4407 1032 4490 XVII,
1056 4411 1149 4476 arbor
1172 4413 1315 4509 quaedem
1337 4419 1385 4479 est
1407 4439 1428 4482 a
