3172 4962
715 335 775 399 153

162 529 279 592 peroro
302 506 340 572 de
361 510 476 574 oretero
498 507 595 573 vives.
641 505 812 574 Considero
835 507 921 572 enim
949 507 1179 592 pretiositetem
1202 509 1234 570 et
1256 499 1333 572 ve-¹

162 611 263 678 lorem
285 613 375 676 tuum
398 615 431 677 et
453 611 567 690 timeo,
601 612 704 695 qood,
736 611 843 696 siper
868 611 1021 678 mundum
1043 615 1177 698 vegetus
1205 610 1313 692 fueris,
1337 652 1341 661 -

82 801 86 812 ⁸
163 715 305 800 perditus
328 716 407 794 eris,
430 715 506 800 quie
528 715 645 782 dieitur
668 716 771 802 primo
795 715 953 783 Johennis
977 715 1044 781 V⁰:
1068 719 1155 783 totus
1179 716 1315 781 mundus

164 820 197 884 in
221 821 363 906 meligno
384 822 508 905 positus
530 825 595 900 est,
627 825 677 886 tot
697 825 774 886 sunt
797 821 938 907 pericula
957 821 1051 908 hujus
1073 821 1200 901 mundi,
1231 821 1314 906 quod

136 945 222 992 oneo
244 947 298 991 eor
319 925 377 991 ille
397 926 536 1012 cogitem
559 929 664 1010 potest
686 947 744 992 nee
766 927 878 1012 lingue
898 927 1082 1010 exprimere.
1128 926 1220 993 Unde
1236 924 1314 991 Gre-

165 1029 288 1116 gorius:
311 1051 434 1115 semper
450 1031 563 1095 timere
577 1030 735 1110 debemus,
760 1032 835 1116 quie
850 1032 883 1096 io
901 1031 1041 1116 perieulo
1056 1052 1180 1117 semper
1196 1053 1314 1099 sumus.

165 1133 300 1220 Propter
322 1135 518 1219 hujusmodi,
551 1135 599 1201 lili
629 1136 807 1214 eemssime,
839 1140 872 1202 te
899 1137 1059 1202 dimittere
1083 1137 1157 1203 nolo
1179 1159 1237 1202 neo
1259 1159 1316 1222 per

165 1240 318 1306 mundum
340 1243 450 1326 regeri
472 1241 670 1326 relinquere,
702 1243 756 1307 sed
787 1243 822 1306 in
855 1243 945 1308 selue
976 1241 1118 1308 eustodie
1146 1240 1314 1307 custodire.

167 1343 208 1410 Et
231 1345 291 1411 hoo
313 1345 419 1412 diosus
452 1347 614 1432 saphirum
644 1348 678 1412 in
701 1353 786 1412 serto
816 1353 848 1413 et
880 1349 1057 1414 diedemate
1087 1347 1239 1432 magister
1267 1347 1316 1411 in·

129 1473 154 1510 10
167 1451 272 1530 elusit,
297 1452 352 1518 ubi
373 1456 525 1537 perpetue
546 1453 746 1539 glorisbetnr
768 1453 889 1519 dicens:
921 1458 969 1518 est
990 1453 1024 1518 in
1048 1455 1119 1516 tuto
1141 1452 1210 1516 loeo
1232 1455 1317 1516 stere

168 1557 282 1623 melius
314 1577 407 1641 quem
431 1559 569 1644 erogari.
614 1559 667 1626 Sio
689 1561 774 1625 enim
798 1563 903 1625 tutum
927 1562 975 1624 est
1005 1558 1073 1622 viro
1101 1555 1250 1642 religioso
1282 1556 1317 1619 in

167 1661 306 1727 eleusim
328 1666 361 1728 et
382 1663 462 1729 eelle
484 1685 542 1729 sue
563 1686 710 1743 monere,
744 1666 821 1750 quie
850 1664 967 1730 dieitur
997 1664 1030 1728 in
1054 1661 1140 1728 Vitis
1170 1664 1315 1746 petrum:

167 1766 245 1832 rode
266 1767 300 1831 in
317 1766 428 1832 oollem
444 1772 538 1832 tuem'
556 1773 588 1834 et
611 1769 680 1853 ipse
701 1773 734 1835 te
757 1769 883 1835 dooebit
904 1769 1061 1846 universe,
1086 1766 1161 1851 quie
1182 1787 1245 1850 pex
1267 1767 1318 1830 est

166 1871 200 1936 in
224 1871 314 1949 oelle,
338 1871 416 1938 loris
439 1877 545 1939 eutem
568 1875 628 1940 nisi
652 1874 747 1943 belle.
792 1874 835 1939 Et
858 1879 895 1939 ut
916 1873 993 1939 dioit
1019 1871 1239 1937 Hieronimus:
1262 1869 1317 1954 qui

130 1994 156 2033 ιι
170 1975 331 2043 Christum
355 1977 529 2056 desideret,
559 1978 608 2042 nil
636 1978 724 2043 eliud
753 1982 876 2064 queret
897 1978 932 2042 in
955 1976 1166 2054 secularibus,
1199 1973 1252 2038 sed
1275 1973 1318 2038 sit

169 2081 198 2147 ei
233 2082 311 2148 oelle
343 2104 401 2167 pro
432 2083 580 2169 perediso
618 2084 770 2149 verietate
803 2083 1034 2169 seripturerum
1069 2077 1317 2150 discurrentium

168 2185 277 2270 plene;
309 2186 360 2252 his
382 2191 493 2253 utetur
514 2186 646 2267 deliciis,
668 2186 783 2252 herum
805 2187 933 2253 fruetur
955 2185 1161 2271 amplexibus.
1207 2183 1317 2250 Abbes

168 2288 324 2376 Evegrins
352 2291 434 2356 dixit
463 2291 503 2356 ed
534 2291 691 2375 quendem
721 2291 755 2356 in
780 2291 868 2358 Vitis
890 2296 1018 2376 petrum
1049 2290 1111 2354 eibi
1146 2289 1317 2354 dicentem:

169 2415 232 2460 non
255 2415 383 2480 possum
403 2396 547 2482 jejunare
576 2417 633 2462 neo
655 2396 799 2462 laborare
821 2417 878 2462 neo
900 2395 1035 2461 infirmis
1064 2394 1197 2472 servire,
1229 2393 1316 2472 rede,

129 2518 155 2558 eo
169 2498 332 2579 menduee,
355 2500 429 2566 bibe
452 2507 485 2566 et
506 2501 618 2581 dormi,
641 2505 767 2567 tentum
791 2502 830 2567 de
851 2502 932 2568 eelle
952 2506 1009 2566 tue
1030 2520 1092 2564 non
1117 2519 1216 2576 exose,
1241 2497 1317 2582 quie

169 2605 404 2689 perseverantie
425 2605 512 2671 oellm
535 2607 623 2672 duoit
643 2607 833 2673 moneohum
856 2607 894 2672 ed
918 2606 1071 2671 ordinem.
1118 2603 1161 2668 Et
1182 2602 1227 2668 sio
1240 2623 1320 2686 peu-

169 2707 261 2774 letim
283 2731 423 2775 reversus
447 2715 497 2776 est
519 2711 559 2776 ed
581 2733 660 2796 opus
682 2733 746 2776 suae
768 2710 982 2796 perfeetionis.

410 2884 466 2950 De
487 2867 663 2971 topasio
685 2887 899 2972 pretioso,
922 2885 997 2951 diel.
1024 2889 1074 2952 16.

256 3022 421 3107 Topesius,
445 3028 482 3089 ut
504 3024 582 3090 dicit
604 3025 728 3110 Papias,
752 3029 801 3090 est
823 3021 964 3111 gemme,x
983 3045 1054 3108 quse
1076 3023 1219 3089 omnium
1238 3021 1321 3106 lepi-

129 3145 156 3185 no
169 3127 244 3192 dum
278 3127 313 3191 in
342 3147 376 3192 se
407 3126 506 3193 hebet
534 3129 664 3196 colores.
714 3129 840 3195 Ysidor.
868 3128 987 3196 Ethim.
1012 3127 1096 3193 libro
1118 3127 1207 3192 XVI.
1232 3127 1319 3204 dioit,

169 3231 251 3315 quod
281 3233 330 3296 est
358 3252 484 3316 gemme
513 3235 655 3318 quaedem
689 3255 726 3300 ex
761 3234 879 3299 virenti
909 3254 1023 3320 genere
1047 3231 1197 3315 omnique
1218 3231 1321 3296 eolore

168 3335 349 3421 splendens,
372 3337 503 3402 invente
524 3339 663 3422 primum
686 3339 720 3404 in
737 3337 865 3404 Arebiae
887 3338 1003 3416 insule,
1028 3357 1098 3421 quae
1118 3335 1235 3401 dieitur
1257 3335 1321 3400 Το-

169 3439 248 3525 pezi‚
271 3441 355 3506 unde
377 3442 521 3527 topazius
544 3442 646 3508 dietus
670 3447 719 3509 eet
741 3444 782 3509 eb
804 3444 918 3510 insule.
967 3441 1101 3520 Quidem
1133 3447 1239 3506 eutem
1270 3443 1321 3505 to·

170 3544 278 3629 psoius
300 3545 338 3610 de
363 3546 481 3612 Arebie
502 3547 615 3612 duetus
637 3551 686 3612 est
708 3547 842 3612 Romam
866 3551 900 3612 et
921 3547 955 3611 in
979 3546 1109 3612 eoelesie
1131 3545 1216 3610 besti
1234 3543 1321 3610 Petri

130 3671 156 3708 so
169 3670 263 3733 super
285 3669 408 3716 orooem
431 3651 603 3718 eolloeetus
625 3655 674 3718 est
696 3657 729 3718 et
751 3656 952 3718 oonseeretue
978 3655 1034 3730 est,
1059 3651 1094 3715 in
1109 3673 1173 3735 quo
1188 3649 1258 3715 loeo
1281 3649 1322 3714 eb

170 3755 319 3821 omnibus
341 3755 431 3821 evide
453 3757 629 3823 videbatur.
676 3757 739 3823 Hie
767 3781 786 3823 e
815 3758 1019 3845 persuasione
1049 3757 1084 3821 in
1115 3756 1180 3820 ime
1209 3755 1321 3820 duetus

171 3859 236 3924 eit:
263 3859 339 3944 quid
362 3864 411 3924 est
432 3881 555 3947 semper
577 3862 611 3927 in
635 3863 767 3928 eoeleste
788 3883 915 3928 monere
937 3866 970 3926 et
992 3882 1155 3946 nunquam
1174 3859 1322 3924 ‘recedere

170 3985 229 4028 nee
252 3962 372 4049 eliquid
396 3965 569 4031 demendo
591 3968 733 4032 sentire?
754 3967 827 4032 volo
849 3966 935 4032 enim
958 3966 1022 4032 oito
1047 3967 1085 4031 ed
1108 3965 1248 4030 seculum
1272 3986 1322 4029 re·

171 4069 255 4148 dire,
287 4073 325 4133 ut
347 4068 581 4152 eliquentulum
605 4093 675 4136 eum
699 4070 892 4136 secularibus
916 4071 1048 4138 reereeri
1073 4070 1192 4155 possim
1214 4070 1249 4136 in
1272 4091 1321 4134 se-

1 4185 2 4240 }
131 4191 157 4230 ιι
171 4174 242 4240 oulo
274 4178 307 4239 et
329 4197 462 4262 regnare
484 4197 555 4241 eum
578 4175 714 4242 Christo.
761 4175 902 4260 Cumque
934 4176 973 4242 ed
1009 4177 1148 4242 seculum
1179 4195 1322 4240 reversus

170 4279 283 4376 fuisset
305 4300 343 4346 eo
364 4281 403 4344 de
425 4283 625 4346 seorosenota
647 4279 780 4344 eeolesie
803 4280 971 4361 resederet,
996 4282 1036 4347 eb
1060 4279 1182 4346 illicitis
1206 4301 1322 4344 eoneu·

171 4382 335 4468 piseentiis
359 4384 469 4450 mundi
494 4387 604 4468 ceptus
627 4385 773 4469 exposuit
795 4407 828 4449 se
849 4386 997 4452 omnibus
1012 4385 1153 4473 degitiis.
1198 4384 1250 4450 Ad
1266 4405 1320 4450 ex·
