3172 4958
745 289 786 352 8⁶

191 458 247 542 qui
272 457 339 543 ejus
362 457 495 544 effugiat
516 459 703 543 appetitum.
750 458 885 524 Naturae
906 481 1044 543 namque
1066 465 1183 530 nostras
1205 462 1266 528 hoo
1287 465 1345 529 bo-

190 585 269 630 num
301 563 375 628 finis
404 568 469 643 est,
502 565 541 630 ad
572 584 666 648 quem
698 565 854 630 naturalis
884 565 1062 634 dilectionis
1092 567 1214 654 impetu
1236 569 1345 634 cuncti

192 668 371 734 deferimur.
419 667 535 733 Omnia
565 671 650 734 enim
685 671 875 736 naturaliter
907 667 998 735 suurn
1028 671 1124 737 finem
1146 678 1343 758 exspectant.

189 771 344 840 Attamen
377 774 485 859 plures
519 779 595 841 sunt
628 777 804 860 sapientes,
841 777 895 858 qui
928 796 991 840 non
1015 777 1116 841 solum
1140 800 1253 843 aurum
1277 801 1342 844 non

164 881 363 964 capparum,
401 879 467 944 imo
504 884 540 944 ut
582 880 748 945 inimicum
787 879 917 944 virtutis
953 881 1102 964 pacisque
1144 881 1275 968 fugiunt
1313 887 1345 948 et

189 985 366 1051 effundunt.
412 983 561 1070 Namque
584 987 753 1073 bragmani
776 991 813 1052 nt
835 987 937 1051 libera
954 985 1190 1069 tranquillitate
1205 988 1343 1052 civiliter

188 1095 406 1170 versarentur,
446 1113 560 1157 aurum
597 1093 742 1158 totaliter
779 1114 797 1156 a
826 1091 891 1156 suis
920 1090 1037 1155 finibus
1071 1091 1274 1171 abdicarunt,
1310 1095 1344 1158 et

188 1194 334 1274 brabitse,
359 1195 523 1262 civilitatis
539 1197 687 1275 cultores,
711 1219 752 1261 ne
767 1219 826 1260 usu
836 1196 902 1280 ejus
925 1194 1040 1279 polluti
1052 1195 1185 1260 avaritia
1200 1218 1342 1261 corrum-

187 1304 301 1386 perent
323 1301 505 1384 aequitatem
528 1305 560 1366 et
583 1302 755 1367 salutarem
778 1321 888 1384 paoem
902 1300 1080 1384 perderent,
1104 1299 1174 1366 ideo
1191 1301 1224 1365 in
1240 1305 1341 1366 terra-

149 1422 174 1460 10
187 1427 259 1470 rum
282 1404 474 1489 profundum
505 1406 661 1490 abjiciunt
690 1405 784 1488 hujus
815 1425 915 1487 genus
947 1404 1087 1482 metalli,
1122 1425 1192 1469 oum
1221 1410 1341 1472 emunt

167 1507 283 1574 'Unde
313 1510 415 1596 magis
446 1513 622 1595 putandum
653 1511 721 1576 fore
749 1511 869 1576 malurn
904 1531 999 1593 quam
1022 1509 1139 1574 bonnm
1163 1508 1257 1574 rebus
1280 1510 1342 1576 hu-

189 1614 294 1678 manis
324 1636 436 1680 aurum
469 1617 624 1681 virtutum
654 1616 808 1680 zelatores
838 1619 1015 1679 senserunt.
1060 1613 1208 1698 Amplius
1235 1620 1342 1681 autem

189 1719 396 1784 sisummnm
427 1719 546 1786 bonum
572 1721 713 1785 hominis
736 1697 913 1804 corporales
939 1741 1014 1804 opes
1043 1723 1166 1797 essent,
1196 1723 1232 1783 ut
1264 1721 1340 1804 quid

189 1827 314 1890 naturae
351 1825 551 1908 providentia
582 1825 899 1908 circumspectissima
928 1824 996 1889 haeo
1026 1823 1153 1907 quidem
1185 1824 1341 1890 divitielia

148 1947 175 1986 1⁶
190 1929 274 1993 bons
304 1927 379 1993 feris
408 1929 511 2015 magis
540 1951 635 2014 quarn
666 1930 854 2014 hominibus
872 1932 920 1994 est
942 1929 1083 2013 largita?
1117 1927 1342 2014 Smaragdinas

188 2054 326 2117 namque
359 2055 500 2118 gemmas
534 2035 760 2120 arenulasque·
777 2056 886 2100 aureas
919 2032 1031 2099 Sithiae
1063 2033 1183 2118 hosque
1216 2040 1340 2099 montes

188 2137 287 2225 grifes
316 2139 480 2221 possident
519 2143 553 2204 et
586 2140 787 2205 metallorum
818 2138 1020 2223 amplissimis
1051 2138 1139 2203 venis
1167 2139 1341 2223 multisque

188 2243 347 2327 lapidibus
370 2243 519 2327 pretiosis
543 2245 636 2310 nobis
658 2245 775 2310 abditis
797 2248 882 2308 terra
904 2243 1030 2328 gaudet.
1075 2241 1192 2307 Nonne
1215 2244 1260 2309 sic
1282 2267 1340 2330 ap-

187 2351 297 2432 paret,
328 2348 411 2431 quod
434 2353 549 2414 natura
571 2349 774 2435 sagacissima
798 2348 1036 2432 perversitatem
1059 2347 1202 2412 avaritiae
1225 2349 1338 2416 confu-

146 2472 174 2511 so
189 2453 286 2531 tevit,
311 2474 381 2518 curn
405 2452 659 2519 desiderabilium
683 2455 811 2538 quidem
834 2475 930 2537 opum
954 2453 1088 2536 majores
1109 2451 1205 2537 longe
1231 2453 1337 2537 copias

188 2558 269 2624 aut²
291 2557 607 2642 possidendas'ssbrutis
619 2559 750 2638 dederit,
775 2563 831 2624 aut
846 2558 880 2622 in
892 2559 971 2642 ipsis
986 2557 1187 2622 absconderit
1200 2557 1337 2622 elemen-

186 2663 251 2727 tis?
283 2661 359 2728 Haec
381 2663 533 2729 nimirum
565 2665 705 2730 alienata
726 2663 916 2730 naturaliter
939 2663 1043 2729 aliena
1073 2663 1196 2730 avaris
1221 2663 1338 2727 nostris

187 2767 280 2832 bonis
311 2789 344 2833 se
372 2789 439 2834 esso
472 2767 630 2834 fatentur.
684 2769 858 2853 Postquam
888 2769 988 2854 igitur
1021 2768 1118 2832 finem
1152 2766 1339 2833 amabilium

186 2872 342 2937 bonorum
366 2873 492 2956 quaeris,
517 2875 600 2958 quod
623 2895 745 2938 summe
767 2873 887 2959 diligis,
911 2874 985 2958 fuge
1007 2894 1130 2951 aurum,
1153 2893 1267 2956 sperne
1289 2873 1338 2937 di·

145 2977 298 3056 sevitias,
329 2977 513 3062 cupiditatis
542 2979 711 3065 exstingue
740 2979 893 3044 flammas.
939 2978 1013 3044 Non
1037 2979 1122 3043 enim
1144 2978 1251 3044 ditant
1284 2980 1337 3044 sed

187 3082 410 3164 depauperant,
439 3083 514 3148 dum
537 3083 636 3149 animi
659 3083 833 3149 vitiositate
855 3082 1027 3167 captivant.
1072 3081 1211 3146 Tantum
1236 3083 1337 3149 virtu·

185 3189 251 3250 tem
275 3207 389 3271 quaere,
413 3188 497 3271 qnia,
522 3189 604 3272 quod
619 3189 743 3273 qnaeris,
767 3188 855 3252 intus
878 3187 984 3266 habes,
1009 3187 1175 3251 thesaurus
1199 3209 1336 3271 namque

186 3312 316 3356 summae
345 3291 498 3357 bonitatis
528 3315 593 3357 non
622 3293 699 3358 alibi
731 3314 826 3377 quam
856 3293 891 3356 in
920 3293 986 3356 suis
1017 3290 1211 3356 amatoribus
1241 3293 1334 3357 sistit.

186 3393 306 3470 Quibus
330 3397 457 3480 quidem
479 3397 651 3484 diligenter
674 3397 791 3462 auditis
825 3419 897 3462 mox
920 3396 1032 3482 fugata
1054 3396 1229 3479 cupiditate
1250 3396 1331 3461 divi-

145 3520 173 3558 so
187 3497 296 3564 tisleur
318 3501 447 3567 virtutis
470 3523 582 3568 venam
605 3503 639 3567 in
662 3524 695 3566 re
717 3503 844 3568 laetatus
868 3504 916 3567 est
939 3501 1105 3567 invenisse.

474 3707 556 3776 Ubi
578 3710 639 3776 sit
661 3714 888 3777 curandum
911 3710 1051 3776 ditari.

433 3885 489 3950 De
512 3884 635 3969 vulpe
658 3890 698 3952 et
718 3886 921 3964 mustela,
943 3907 1011 3969 cap.
1037 3889 1086 3949 11.

274 4023 446 4089 Macilenta
473 4023 583 4108 vulpes
612 4027 651 4089 nt
678 4045 710 4089 se
737 4025 842 4107 ipsam
872 4024 1065 4109 pinguedine
1087 4023 1268 4102 resarciret,
1301 4026 1335 4090 in

184 4129 305 4217 pingue
328 4129 490 4195 cellarium
514 4129 626 4194 stricto
648 4133 773 4215 reperto
789 4130 945 4194 foramine
961 4129 1116 4196 introivit.
1147 4128 1249 4205 Quam
1265 4151 1336 4196 oum

757 4249 774 4289 a

255 4356 269 4411 l
289 4355 400 4411 Andere
417 4355 495 4410 lesen
512 4353 670 4426 unrichtig:
689 4355 739 4422 ad,
757 4355 816 4410 und
834 4355 924 4412 daun:
944 4357 985 4410 ut.
