3146 4962
696 327 759 390 223

152 498 180 562 ei
201 500 252 563 est
273 497 379 564 aliena
400 497 515 575 libido,
539 497 572 561 in
597 499 760 582 proposito
782 498 939 564 eastitatis
951 503 1157 582 permanente
1177 521 1224 578 eo,
1249 521 1305 583 per

154 601 238 686 quod
262 623 375 686 eorpus
399 601 593 668 sanctificari
615 602 699 667 bono
721 603 847 670 meruit.
893 602 959 686 Ipsi
982 605 1105 688 corpori
1121 627 1184 670 uon
1201 603 1306 668 aufert

155 708 359 772 sanctitatem
384 706 538 772 violentia
560 706 703 772 libidinis
726 707 847 786 alieuae,
871 729 966 792 quarn
982 715 1085 774 servat
1101 731 1305 794 perseveran-

152 812 198 876 tia
222 811 430 878 coutinentiae
453 833 536 887 suae,
564 816 671 876 temen
694 811 863 876 detestatio
886 813 1056 891 dedecoris,
1080 835 1167 880 amor
1190 815 1305 880 hones·

127 918 243 996 statis,
265 917 502 1001 perseverantia
534 915 735 981 fortitudinis
767 916 800 981 in
824 917 942 982 talibus
975 923 1023 984 eet
1045 922 1303 988 commendanda

152 1022 199 1088 De
221 1021 419 1086 continentia
441 1021 538 1084 etiam
561 1025 656 1084 caete
678 1019 821 1086 mulieris
845 1025 994 1088 narratur
1018 1023 1100 1088 libro
1115 1023 1166 1089 III
1190 1025 1228 1090 de
1243 1047 1303 1090 nu-

151 1128 201 1213 gis
224 1125 500 1211 philosophorum,
518 1125 608 1208 'quod
631 1147 703 1190 cum
726 1127 805 1204 viro,
829 1125 958 1192 Danieli
981 1128 1120 1208 nomine,
1143 1135 1225 1194 esset
1248 1150 1302 1193 ex·

150 1233 355 1319 probratum,
383 1229 465 1313 quod
499 1230 563 1294 oris
587 1230 665 1294 vitio
688 1229 824 1295 foedatus
846 1239 948 1310 esset,
979 1233 1046 1299 sive
1067 1235 1150 1317 quod
1174 1233 1306 1299 heberet

152 1336 271 1402 melum
294 1335 484 1411 anhelitum,
507 1339 538 1398 et
561 1334 629 1418 ipse
645 1341 889 1419 conquereretur
912 1339 1014 1416 uxori,
1039 1339 1124 1421 quod
1148 1359 1213 1404 non
1237 1359 1304 1404 mo·

114 1458 138 1494 ¹⁰
154 1445 268 1507 nueret
290 1462 362 1506 eum
385 1440 423 1504 de
445 1439 504 1504 hoe
528 1461 668 1522 quaerere
690 1440 889 1519 medicinam,
912 1446 947 1506 at
968 1441 1043 1506 ille:
1067 1441 1127 1507 hoo
1148 1441 1304 1521 fecissem,

155 1546 279 1631 inquit,
312 1545 375 1609 nisi
398 1543 574 1620 crederem,
606 1545 714 1609 omnia
735 1566 790 1610 ore
812 1546 954 1610 virorum
976 1547 1022 1612 sic
1043 1546 1137 1612 olere.
1183 1545 1304 1612 Verisi-

153 1651 229 1716 mile
251 1651 335 1716 enim
358 1649 439 1726 fuit,
467 1648 551 1732 quod
583 1670 618 1714 os
649 1671 741 1714 suum
772 1650 811 1715 ad
840 1672 875 1716 os
903 1650 1034 1716 alterius
1057 1651 1118 1716 riri
1140 1673 1303 1736 nunquam

153 1757 360 1842 applicuerat.

454 1927 509 1994 De
532 1927 706 2012 perdice
728 1927 836 2008 fure,
859 1895 933 1996 dial.
959 1933 1010 1996 79.

117 2086 143 2124 1⁶
244 2071 358 2138 Perdix
376 2071 415 2136 de
430 2091 506 2136 voce
520 2091 635 2136 nomen
659 2070 765 2148 habet,
789 2071 872 2137 unde
894 2071 1006 2138 dicunt
1021 2071 1161 2138 Isidorus
1182 2076 1214 2137 et
1226 2070 1306 2136 Am-

156 2175 291 2254 brosius,
314 2175 398 2260 quod
422 2175 490 2240 avis
512 2175 590 2240 adeo
613 2174 722 2238 dolosa
743 2179 775 2238 et
797 2174 1003 2240 fraudulenta
1025 2179 1091 2253 est,
1114 2181 1151 2240 ut
1175 2175 1305 2240 alterius

156 2301 214 2344 ova
237 2279 390 2364 diripiens
412 2280 529 2357 foveat,
553 2279 607 2344 sed
629 2279 716 2344 fraus
737 2285 885 2344 eventum
902 2301 967 2346 uon
983 2279 1089 2346 habet.
1135 2279 1306 2344 Nemeum

155 2385 236 2469 pulli
265 2387 402 2470 proprie
431 2385 596 2472 genitricis
619 2407 725 2450 vocem
750 2386 902 2462 audiunt,
934 2385 1074 2452 naturali
1097 2386 1233 2469 quodam
1255 2385 1305 2449 in·

154 2491 277 2556 stinctu
299 2491 397 2568 hene,
428 2512 498 2575 quae
520 2490 618 2569 fovit,
651 2492 838 2575 relinquunt
859 2495 892 2556 et
914 2491 953 2556 ad
976 2513 1062 2567 eam,
1090 2512 1162 2574 quae
1183 2491 1305 2576 genuit,

117 2621 142 2660 ro
155 2601 367 2663 revertuntur.
412 2595 533 2662 Nidum
557 2619 648 2663 suurn
672 2597 757 2662 inter
778 2597 936 2663 condense
958 2598 1123 2681 spinarum
1145 2597 1214 2664 looa
1229 2620 1305 2664 eon-

156 2702 280 2779 stituit,
313 2702 380 2767 ovis
403 2701 618 2787 stregigulum
641 2702 746 2785 pulvis
768 2706 825 2767 est.
874 2701 953 2768 Cum
976 2703 1048 2786 quis
1071 2703 1307 2787 appropinqua·

156 2806 237 2871 verit
259 2827 367 2870 eorum
390 2804 491 2885 nidis,
525 2827 659 2890 egressae
681 2809 798 2872 matres
821 2828 855 2872 se
878 2811 991 2891 sponte
1013 2807 1153 2872 offerunt
1176 2808 1305 2873 venien·

156 2911 242 2976 tibus
265 2915 298 2976 et
319 2910 469 2976 simulata
491 2909 654 2976 debilitate
677 2912 726 2976 vel
739 2913 853 2994 pedum
875 2912 923 2976 vel
939 2911 1070 2990 alarum,
1087 2913 1179 2995 quasi
1193 2913 1303 2977 statim

156 3015 226 3100 capi
249 3015 381 3098 possint,
407 3036 533 3100 gressus
554 3014 683 3101 fingunt
705 3015 869 3082 tardiores.
916 3015 986 3082 Hoc
1009 3017 1172 3082 mendacio
1187 3016 1306 3082 sollici-

118 3147 143 3186 οε
156 3125 229 3187 tant
252 3119 378 3198 obvios,
402 3120 605 3204 quoadusque
628 3143 647 3184 a
671 3120 755 3185 nidis
778 3121 908 3206 longius
931 3126 1110 3188 avocentur.
1157 3119 1230 3187 Una
1251 3144 1307 3188 au·

157 3230 222 3291 tem
245 3224 355 3310 perdix
377 3223 483 3288 furata
505 3229 554 3290 est
583 3246 642 3290 ova
664 3225 827 3308 eujusdam
850 3225 917 3290 avis
940 3226 1083 3302 alterius,
1107 3247 1144 3290 ea
1167 3226 1306 3307 absente,

156 3331 209 3396 sed
232 3331 307 3395 dum
330 3330 467 3415 spoliate
488 3330 528 3395 ed
550 3330 660 3394 nidum
684 3329 801 3394 rediret
831 3335 864 3394 et
886 3350 945 3394 ova
967 3351 1025 3394 sua
1047 3350 1113 3395 non
1136 3330 1305 3411 inveniret,

157 3435 261 3500 doluit
287 3439 320 3499 et
349 3435 619 3518 quamplurimum
641 3435 771 3499 anxiata
793 3455 852 3500 ova
874 3434 1059 3519 requisivit,
1082 3435 1211 3500 tandem
1235 3457 1306 3502 curn

158 3559 274 3624 magno
296 3539 402 3604 studio
424 3560 484 3604 ova
504 3543 536 3604 et
558 3539 715 3604 latronem
739 3539 866 3623 reperit
915 3540 992 3616 Qum
1015 3561 1086 3604 cum
1102 3539 1308 3606 festinatione

119 3669 145 3708 ee
158 3643 254 3728 judici
287 3645 347 3708 hoc
377 3643 546 3722 indicavit,
574 3643 671 3728 judex
700 3650 806 3708 autem
829 3645 941 3709 citarit
963 3645 1066 3709 furem
1088 3651 1121 3710 et
1144 3645 1307 3711 subtiliter

159 3749 197 3813 de
219 3748 348 3832 negotio
371 3746 573 3826 examinavit,
597 3749 680 3814 latro
703 3770 776 3813 vero
799 3770 863 3815 nou
887 3749 1116 3829 confitebatur,
1149 3751 1204 3815 sed
1226 3771 1307 3834 pne-

158 3853 243 3919 dieta
265 3873 323 3938 pro
347 3851 468 3926 viribus
490 3851 677 3938 denegabat,
702 3857 735 3917 et
756 3854 832 3937 quia
853 3857 949 3920 testes
963 3855 1060 3938 judex
1076 3876 1138 3920 nou
1157 3853 1305 3932 habebat,

156 3959 314 4024 latronem
336 3956 464 4040 dejure
487 3979 549 4022 non
569 3957 742 4040 judicabat.
790 3958 978 4024 Accusatrix
1008 3981 1082 4024 vero
1110 3959 1149 4024 ed
1169 3959 1308 4044 judicem

157 4063 298 4129 dicebat:
322 4063 415 4128 debes
437 4062 540 4146 ipsum
564 4066 759 4128 tormentare
781 4066 814 4128 et
829 4065 995 4128 veritatem
1010 4068 1208 4148 extorquere.
1249 4062 1308 4128 Oui

119 4193 144 4232 u
154 4170 269 4255 judex:
293 4169 386 4236 debes
408 4172 441 4234 et
458 4171 495 4232 tu
516 4190 570 4248 ea,
594 4189 664 4252 qum
686 4168 774 4247 dicis,
798 4169 949 4254 probare,
972 4175 1009 4234 ut
1026 4169 1182 4252 judicium
1204 4189 1309 4234 meum

159 4279 282 4342 rectum
298 4275 452 4351 videatur,
475 4273 617 4356 alioquin
639 4276 672 4338 te
694 4295 765 4338 eum
789 4273 858 4357 ipsa
879 4273 1090 4340 martirinabo.
1136 4272 1183 4338 Fa
1205 4277 1311 4339 autem

158 4403 223 4447 uon
245 4380 410 4466 probante,
434 4379 518 4464 quod
541 4379 719 4459 accusabat,
739 4379 836 4464 judex
852 4379 1008 4464 suspicari
1023 4379 1129 4466 empit.
1172 4379 1309 4466 Propter
