<?xml version="1.0" encoding="UTF-8"?>
<!DOCTYPE html PUBLIC "-//W3C//DTD XHTML 1.0 Transitional//EN"
    "http://www.w3.org/TR/xhtml1/DTD/xhtml1-transitional.dtd">
<html xmlns="http://www.w3.org/1999/xhtml" xml:lang="en" lang="en">
 <head>
  <title>
</title>
<meta http-equiv="Content-Type" content="text/html;charset=utf-8" />
  <meta name='ocr-system' content='tesseract 3.04.00' />
  <meta name='ocr-capabilities' content='ocr_page ocr_carea ocr_par ocr_line ocrx_word'/>
</head>
<body>
  <div class='ocr_page' id='page_1' title='image "./zweiredenankais02sleigoog_0705.png"; bbox 0 0 3172 4958; ppageno 0'>
   <div class='ocr_carea' id='block_1_1' title="bbox 806 263 868 328">
    <p class='ocr_par' dir='ltr' id='par_1_1' title="bbox 806 263 868 328">
     <span class='ocr_line' id='line_1_1' title="bbox 806 263 868 328; baseline 0.032 -2"><span class='ocrx_word' id='word_1_1' title='bbox 806 263 868 328; x_wconf 79' lang='lat'><strong>104</strong></span> 
     </span>
    </p>
   </div>
   <div class='ocr_carea' id='block_1_2' title="bbox 225 432 1424 1782">
    <p class='ocr_par' dir='ltr' id='par_1_2' title="bbox 259 432 1422 837">
     <span class='ocr_line' id='line_1_2' title="bbox 259 432 1422 522; baseline -0.003 -22"><span class='ocrx_word' id='word_1_2' title='bbox 259 436 345 500; x_wconf 83' lang='lat' dir='ltr'><strong>enim</strong></span> <span class='ocrx_word' id='word_1_3' title='bbox 368 435 452 500; x_wconf 80' lang='lat' dir='ltr'><strong>aliud</strong></span> <span class='ocrx_word' id='word_1_4' title='bbox 476 439 524 500; x_wconf 82' lang='lat' dir='ltr'><strong>est</strong></span> <span class='ocrx_word' id='word_1_5' title='bbox 556 436 720 522; x_wconf 78' lang='lat' dir='ltr'>gratitudo</span> <span class='ocrx_word' id='word_1_6' title='bbox 753 457 847 520; x_wconf 79' lang='lat' dir='ltr'><strong>quam</strong></span> <span class='ocrx_word' id='word_1_7' title='bbox 878 436 1021 502; x_wconf 78' lang='lat' dir='ltr'><strong>caritatis</strong></span> <span class='ocrx_word' id='word_1_8' title='bbox 1050 437 1186 522; x_wconf 76' lang='lat' dir='ltr'><strong>justitia,</strong></span> <span class='ocrx_word' id='word_1_9' title='bbox 1209 432 1422 502; x_wconf 74' lang='lat' dir='ltr'><strong>liberalitatis</strong></span> 
     </span>
     <span class='ocr_line' id='line_1_3' title="bbox 260 540 1422 628; baseline -0.002 -24"><span class='ocrx_word' id='word_1_10' title='bbox 260 540 311 604; x_wconf 84' lang='lat' dir='ltr'><strong>lex</strong></span> <span class='ocrx_word' id='word_1_11' title='bbox 335 540 442 606; x_wconf 76' lang='lat' dir='ltr'><strong>debita</strong></span> <span class='ocrx_word' id='word_1_12' title='bbox 464 542 496 605; x_wconf 86' lang='lat' dir='ltr'><strong>et</strong></span> <span class='ocrx_word' id='word_1_13' title='bbox 519 540 727 609; x_wconf 79' lang='lat' dir='ltr'><strong>beneficentia</strong></span> <span class='ocrx_word' id='word_1_14' title='bbox 749 543 933 628; x_wconf 75' lang='lat' dir='ltr'><strong>aequitatis?</strong></span> <span class='ocrx_word' id='word_1_15' title='bbox 965 543 1111 608; x_wconf 83' lang='lat' dir='ltr'><strong>tribuens</strong></span> <span class='ocrx_word' id='word_1_16' title='bbox 1132 565 1191 628; x_wconf 88' lang='lat' dir='ltr'><strong>pro</strong></span> <span class='ocrx_word' id='word_1_17' title='bbox 1214 563 1279 608; x_wconf 91' lang='lat' dir='ltr'><strong>uno</strong></span> <span class='ocrx_word' id='word_1_18' title='bbox 1302 542 1422 606; x_wconf 82' lang='lat' dir='ltr'><strong>uentu-</strong></span> 
     </span>
     <span class='ocr_line' id='line_1_4' title="bbox 261 643 1422 734; baseline 0 -25"><span class='ocrx_word' id='word_1_19' title='bbox 261 645 351 730; x_wconf 90' lang='lat' dir='ltr'><strong>plum</strong></span> <span class='ocrx_word' id='word_1_20' title='bbox 375 667 430 711; x_wconf 84' lang='lat' dir='ltr'><strong>eeu</strong></span> <span class='ocrx_word' id='word_1_21' title='bbox 452 647 537 712; x_wconf 77' lang='lat' dir='ltr'><strong>bonu</strong></span> <span class='ocrx_word' id='word_1_22' title='bbox 558 652 644 714; x_wconf 77' lang='lat' dir='ltr'><strong>terra</strong></span> <span class='ocrx_word' id='word_1_23' title='bbox 665 670 723 733; x_wconf 90' lang='lat' dir='ltr'><strong>pro</strong></span> <span class='ocrx_word' id='word_1_24' title='bbox 753 647 887 713; x_wconf 82' lang='lat' dir='ltr'><strong>minimo</strong></span> <span class='ocrx_word' id='word_1_25' title='bbox 918 647 1110 726; x_wconf 82' lang='lat' dir='ltr'><strong>maximum,</strong></span> <span class='ocrx_word' id='word_1_26' title='bbox 1139 651 1176 712; x_wconf 85' lang='lat' dir='ltr'><strong>ut</strong></span> <span class='ocrx_word' id='word_1_27' title='bbox 1206 647 1325 734; x_wconf 45' lang='lat' dir='ltr'><strong>matrix</strong></span> <span class='ocrx_word' id='word_1_28' title='bbox 1354 643 1422 709; x_wconf 83' lang='lat' dir='ltr'><strong>foe-</strong></span> 
     </span>
     <span class='ocr_line' id='line_1_5' title="bbox 261 749 1422 837; baseline 0 -23"><span class='ocrx_word' id='word_1_29' title='bbox 261 749 364 815; x_wconf 81' lang='lat' dir='ltr'><strong>cunda</strong></span> <span class='ocrx_word' id='word_1_30' title='bbox 394 773 451 836; x_wconf 93' lang='lat' dir='ltr'><strong>pro</strong></span> <span class='ocrx_word' id='word_1_31' title='bbox 480 752 536 816; x_wconf 89' lang='lat' dir='ltr'><strong>vili</strong></span> <span class='ocrx_word' id='word_1_32' title='bbox 566 752 764 818; x_wconf 80' lang='lat' dir='ltr'><strong>carissimum</strong></span> <span class='ocrx_word' id='word_1_33' title='bbox 797 751 885 817; x_wconf 84' lang='lat' dir='ltr'><strong>velut</strong></span> <span class='ocrx_word' id='word_1_34' title='bbox 907 753 1031 818; x_wconf 75' lang='lat' dir='ltr'><strong>coctula</strong></span> <span class='ocrx_word' id='word_1_35' title='bbox 1053 753 1149 816; x_wconf 77' lang='lat' dir='ltr'><strong>nuda.</strong></span> <span class='ocrx_word' id='word_1_36' title='bbox 1193 749 1306 837; x_wconf 81' lang='lat' dir='ltr'>Neque</span> <span class='ocrx_word' id='word_1_37' title='bbox 1330 751 1422 815; x_wconf 75' lang='lat' dir='ltr'><strong>certe</strong></span> 
     </span>
    </p>

    <p class='ocr_par' dir='ltr' id='par_1_3' title="bbox 236 854 1423 1364">
     <span class='ocr_line' id='line_1_6' title="bbox 236 854 1422 946; baseline -0.003 -26"><span class='ocrx_word' id='word_1_38' title='bbox 236 856 362 921; x_wconf 67' lang='lat' dir='ltr'><strong>nullum</strong></span> <span class='ocrx_word' id='word_1_39' title='bbox 397 861 445 922; x_wconf 78' lang='lat' dir='ltr'><strong>est</strong></span> <span class='ocrx_word' id='word_1_40' title='bbox 474 856 615 922; x_wconf 80' lang='lat' dir='ltr'><strong>liberalis</strong></span> <span class='ocrx_word' id='word_1_41' title='bbox 649 858 835 946; x_wconf 77' lang='lat' dir='ltr'><strong>benefipium</strong></span> <span class='ocrx_word' id='word_1_42' title='bbox 869 859 1045 935; x_wconf 82' lang='lat' dir='ltr'><strong>modicum,</strong></span> <span class='ocrx_word' id='word_1_43' title='bbox 1075 856 1151 942; x_wconf 79' lang='lat' dir='ltr'><strong>quia</strong></span> <span class='ocrx_word' id='word_1_44' title='bbox 1182 878 1253 922; x_wconf 79' lang='lat' dir='ltr'><strong>cum</strong></span> <span class='ocrx_word' id='word_1_45' title='bbox 1284 854 1422 922; x_wconf 84' lang='lat' dir='ltr'><strong>virtutis</strong></span> 
     </span>
     <span class='ocr_line' id='line_1_7' title="bbox 263 960 1423 1048; baseline 0 -24"><span class='ocrx_word' id='word_1_46' title='bbox 263 961 380 1046; x_wconf 84' lang='lat' dir='ltr'><strong>quippe</strong></span> <span class='ocrx_word' id='word_1_47' title='bbox 412 983 517 1027; x_wconf 78' lang='lat' dir='ltr'><strong>amore</strong></span> <span class='ocrx_word' id='word_1_48' title='bbox 559 963 646 1028; x_wconf 84' lang='lat' dir='ltr'><strong>dedit</strong></span> <span class='ocrx_word' id='word_1_49' title='bbox 683 963 903 1048; x_wconf 71' lang='lat' dir='ltr'><strong>principaliter</strong></span> <span class='ocrx_word' id='word_1_50' title='bbox 938 963 1153 1047; x_wconf 84' lang='lat' dir='ltr'><strong>semetipsum.</strong></span> <span class='ocrx_word' id='word_1_51' title='bbox 1215 960 1297 1038; x_wconf 85' lang='lat' dir='ltr'><strong>Quid</strong></span> <span class='ocrx_word' id='word_1_52' title='bbox 1338 981 1423 1046; x_wconf 82' lang='lat' dir='ltr'>ergo</span> 
     </span>
     <span class='ocr_line' id='line_1_8' title="bbox 263 1053 1423 1153; baseline 0.001 -24"><span class='ocrx_word' id='word_1_53' title='bbox 263 1053 548 1151; x_wconf 69' lang='lat' dir='ltr'><strong>‹lignum&#39;dubitur</strong></span> <span class='ocrx_word' id='word_1_54' title='bbox 570 1090 629 1153; x_wconf 88' lang='lat' dir='ltr'><strong>pro</strong></span> <span class='ocrx_word' id='word_1_55' title='bbox 648 1070 765 1134; x_wconf 87' lang='lat' dir='ltr'><strong>virtute</strong></span> <span class='ocrx_word' id='word_1_56' title='bbox 794 1073 850 1133; x_wconf 81' lang='lat' dir='ltr'><strong>aut</strong></span> <span class='ocrx_word' id='word_1_57' title='bbox 872 1069 948 1152; x_wconf 87' lang='lat' dir='ltr'><strong>quid</strong></span> <span class='ocrx_word' id='word_1_58' title='bbox 972 1066 1163 1153; x_wconf 80' lang='lat' dir='ltr'><strong>aequivalens</strong></span> <span class='ocrx_word' id='word_1_59' title='bbox 1187 1067 1336 1133; x_wconf 79' lang='lat' dir='ltr'><strong>reddetur</strong></span> <span class='ocrx_word' id='word_1_60' title='bbox 1356 1087 1423 1151; x_wconf 88' lang='lat' dir='ltr'><strong>pro</strong></span> 
     </span>
     <span class='ocr_line' id='line_1_9' title="bbox 263 1169 1422 1260; baseline 0 -25"><span class='ocrx_word' id='word_1_61' title='bbox 263 1175 355 1256; x_wconf 82' lang='lat' dir='ltr'><strong>grato</strong></span> <span class='ocrx_word' id='word_1_62' title='bbox 372 1169 522 1237; x_wconf 77' lang='lat' dir='ltr'><strong>homine?</strong></span> <span class='ocrx_word' id='word_1_63' title='bbox 544 1173 606 1238; x_wconf 90' lang='lat' dir='ltr'><strong>Pro</strong></span> <span class='ocrx_word' id='word_1_64' title='bbox 622 1177 707 1240; x_wconf 70' lang='lat' dir='ltr'><strong>oerto</strong></span> <span class='ocrx_word' id='word_1_65' title='bbox 723 1173 804 1238; x_wconf 88' lang='lat' dir='ltr'><strong>nihil</strong></span> <span class='ocrx_word' id='word_1_66' title='bbox 821 1177 878 1252; x_wconf 82' lang='lat' dir='ltr'><strong>est,</strong></span> <span class='ocrx_word' id='word_1_67' title='bbox 903 1172 986 1260; x_wconf 89' lang='lat' dir='ltr'><strong>quod</strong></span> <span class='ocrx_word' id='word_1_68' title='bbox 1008 1177 1132 1259; x_wconf 81' lang='lat' dir='ltr'><strong>agrato</strong></span> <span class='ocrx_word' id='word_1_69' title='bbox 1155 1172 1280 1238; x_wconf 78' lang='lat' dir='ltr'><strong>liberali</strong></span> <span class='ocrx_word' id='word_1_70' title='bbox 1302 1193 1422 1255; x_wconf 83' lang='lat' dir='ltr'><strong>repen-</strong></span> 
     </span>
     <span class='ocr_line' id='line_1_10' title="bbox 264 1276 1423 1364; baseline 0.002 -25"><span class='ocrx_word' id='word_1_71' title='bbox 264 1276 360 1356; x_wconf 88' lang='lat' dir='ltr'><strong>ditur,</strong></span> <span class='ocrx_word' id='word_1_72' title='bbox 384 1276 447 1341; x_wconf 83' lang='lat' dir='ltr'><strong>nisi</strong></span> <span class='ocrx_word' id='word_1_73' title='bbox 468 1279 570 1342; x_wconf 80' lang='lat' dir='ltr'><strong>virtus</strong></span> <span class='ocrx_word' id='word_1_74' title='bbox 586 1301 644 1364; x_wconf 88' lang='lat' dir='ltr'><strong>pro</strong></span> <span class='ocrx_word' id='word_1_75' title='bbox 654 1280 783 1358; x_wconf 81' lang='lat' dir='ltr'><strong>virtute,</strong></span> <span class='ocrx_word' id='word_1_76' title='bbox 806 1301 895 1344; x_wconf 86' lang='lat' dir='ltr'><strong>amor</strong></span> <span class='ocrx_word' id='word_1_77' title='bbox 909 1301 967 1363; x_wconf 90' lang='lat' dir='ltr'><strong>pro</strong></span> <span class='ocrx_word' id='word_1_78' title='bbox 990 1299 1105 1358; x_wconf 83' lang='lat' dir='ltr'>amore,</span> <span class='ocrx_word' id='word_1_79' title='bbox 1129 1280 1225 1361; x_wconf 81' lang='lat' dir='ltr'><strong>atque</strong></span> <span class='ocrx_word' id='word_1_80' title='bbox 1240 1278 1336 1343; x_wconf 90' lang='lat' dir='ltr'>homo</span> <span class='ocrx_word' id='word_1_81' title='bbox 1357 1297 1423 1362; x_wconf 88' lang='lat' dir='ltr'><strong>pro</strong></span> 
     </span>
    </p>

    <p class='ocr_par' dir='ltr' id='par_1_4' title="bbox 225 1380 1424 1680">
     <span class='ocr_line' id='line_1_11' title="bbox 225 1380 1424 1470; baseline 0.003 -25"><span class='ocrx_word' id='word_1_82' title='bbox 225 1401 250 1438; x_wconf 85' lang='lat'><strong>10</strong></span> <span class='ocrx_word' id='word_1_83' title='bbox 264 1380 392 1446; x_wconf 87' lang='lat' dir='ltr'><strong>homine</strong></span> <span class='ocrx_word' id='word_1_84' title='bbox 402 1384 589 1466; x_wconf 77' lang='lat' dir='ltr'><strong>quantocius</strong></span> <span class='ocrx_word' id='word_1_85' title='bbox 601 1385 780 1448; x_wconf 79' lang='lat' dir='ltr'><strong>redonetur.</strong></span> <span class='ocrx_word' id='word_1_86' title='bbox 812 1383 899 1450; x_wconf 83' lang='lat' dir='ltr'><strong>Vade</strong></span> <span class='ocrx_word' id='word_1_87' title='bbox 915 1385 1024 1470; x_wconf 78' lang='lat' dir='ltr'><strong>igitur,</strong></span> <span class='ocrx_word' id='word_1_88' title='bbox 1041 1383 1125 1467; x_wconf 87' lang='lat' dir='ltr'><strong>quod</strong></span> <span class='ocrx_word' id='word_1_89' title='bbox 1138 1382 1277 1447; x_wconf 71' lang='lat' dir='ltr'><strong>hominis</strong></span> <span class='ocrx_word' id='word_1_90' title='bbox 1293 1403 1424 1468; x_wconf 81' lang='lat' dir='ltr'>semper</span> 
     </span>
     <span class='ocr_line' id='line_1_12' title="bbox 265 1486 1422 1574; baseline 0 -22"><span class='ocrx_word' id='word_1_91' title='bbox 265 1509 335 1552; x_wconf 82' lang='lat' dir='ltr'><strong>sum</strong></span> <span class='ocrx_word' id='word_1_92' title='bbox 364 1488 483 1553; x_wconf 81' lang='lat' dir='ltr'><strong>amicus</strong></span> <span class='ocrx_word' id='word_1_93' title='bbox 521 1493 553 1553; x_wconf 84' lang='lat' dir='ltr'><strong>et</strong></span> <span class='ocrx_word' id='word_1_94' title='bbox 584 1491 658 1553; x_wconf 86' lang='lat' dir='ltr'><strong>tuus</strong></span> <span class='ocrx_word' id='word_1_95' title='bbox 687 1493 817 1573; x_wconf 80' lang='lat' dir='ltr'><strong>propter</strong></span> <span class='ocrx_word' id='word_1_96' title='bbox 850 1489 1011 1554; x_wconf 80' lang='lat' dir='ltr'><strong>hominem</strong></span> <span class='ocrx_word' id='word_1_97' title='bbox 1053 1492 1225 1574; x_wconf 84' lang='lat' dir='ltr'><strong>perpetuus</strong></span> <span class='ocrx_word' id='word_1_98' title='bbox 1257 1486 1422 1553; x_wconf 77' lang='lat' dir='ltr'><strong>inimicus.</strong></span> 
     </span>
     <span class='ocr_line' id='line_1_13' title="bbox 267 1591 1378 1680; baseline 0.002 -24"><span class='ocrx_word' id='word_1_99' title='bbox 267 1591 389 1669; x_wconf 79' lang='lat' dir='ltr'><strong>Quibus</strong></span> <span class='ocrx_word' id='word_1_100' title='bbox 412 1614 483 1657; x_wconf 80' lang='lat' dir='ltr'><strong>cum</strong></span> <span class='ocrx_word' id='word_1_101' title='bbox 506 1615 622 1678; x_wconf 78' lang='lat' dir='ltr'><strong>pavore</strong></span> <span class='ocrx_word' id='word_1_102' title='bbox 645 1595 761 1659; x_wconf 82' lang='lat' dir='ltr'><strong>auditis</strong></span> <span class='ocrx_word' id='word_1_103' title='bbox 784 1594 878 1680; x_wconf 85' lang='lat' dir='ltr'><strong>lupus</strong></span> <span class='ocrx_word' id='word_1_104' title='bbox 901 1617 975 1661; x_wconf 84' lang='lat' dir='ltr'><strong>mox</strong></span> <span class='ocrx_word' id='word_1_105' title='bbox 997 1595 1032 1658; x_wconf 90' lang='lat' dir='ltr'><strong>in</strong></span> <span class='ocrx_word' id='word_1_106' title='bbox 1055 1592 1259 1660; x_wconf 80' lang='lat' dir='ltr'><strong>solitudinem</strong></span> <span class='ocrx_word' id='word_1_107' title='bbox 1282 1592 1378 1680; x_wconf 83' lang='lat' dir='ltr'><strong>fugit.</strong></span> 
     </span>
    </p>

    <p class='ocr_par' dir='ltr' id='par_1_5' title="bbox 352 1695 744 1782">
     <span class='ocr_line' id='line_1_14' title="bbox 352 1695 744 1782; baseline 0.005 -22"><span class='ocrx_word' id='word_1_108' title='bbox 352 1695 496 1782; x_wconf 74' lang='lat' dir='ltr'><strong>Explicit</strong></span> <span class='ocrx_word' id='word_1_109' title='bbox 517 1699 599 1764; x_wconf 81' lang='lat' dir='ltr'><strong>liber</strong></span> <span class='ocrx_word' id='word_1_110' title='bbox 621 1699 744 1764; x_wconf 75' lang='lat' dir='ltr'><strong>tertius,</strong></span> 
     </span>
    </p>
   </div>
   <div class='ocr_carea' id='block_1_3' title="bbox 0 0 1605 4958">
    <p class='ocr_par' dir='ltr' id='par_1_6' title="bbox 0 0 1605 4958">
     <span class='ocr_line' id='line_1_15' title="bbox 0 0 1605 4958; baseline 0 0"><span class='ocrx_word' id='word_1_111' title='bbox 0 0 1605 4958; x_wconf 95' lang='lat' dir='ltr'><strong> </strong></span> 
     </span>
    </p>
   </div>
  </div>
 </body>
</html>
