3146 4962
822 352 884 414 256

283 523 418 607 pararit,
442 523 522 588 alius
534 523 700 609 fatigatus,
713 527 788 588 ‘non
811 523 930 588 hahens
944 523 981 587 de
997 545 1059 607 quo
1075 545 1107 588 se
1121 523 1298 590 refocillare
1309 527 1426 610 posset,

283 627 446 693 famelicus
468 630 599 694 interiit.
645 627 707 694 Pro
731 650 792 713 quo
808 629 940 694 dictavit
953 628 1042 712 lepus
1064 629 1147 692 leoni
1170 629 1291 695 dicens:
1313 629 1427 694 melius

284 735 332 796 est
362 731 520 816 possidere
550 755 679 817 parvum
708 733 783 816 quid
814 755 909 815 quam
940 732 986 796 nil
1017 731 1140 799 habere.
1205 733 1283 819 Haec
1318 734 1428 798 omnia

283 834 392 900 ridens
414 836 463 902 leo
485 838 606 922 inquit:
631 841 733 914 recte,
757 837 818 915 fili,
843 837 991 902 studuisti
1014 858 1071 900 neo
1092 841 1218 921 tempus
1241 841 1332 902 tuum
1355 861 1428 923 per·

258 939 402 1018 edidisti,
429 941 577 1026 quoniam
599 941 832 1008 rationabiliter
855 941 894 1006 ad
916 942 1112 1026 interrogata
1134 942 1197 1007 scis
1228 942 1426 1027 respondere.
1507 1007 1510 1012 .

283 1043 375 1110 Unde
396 1047 425 1110 ei
446 1046 596 1110 salarium
618 1046 755 1130 praebuit
784 1046 909 1110 dicens:
941 1045 996 1128 qui
1026 1045 1097 1110 vult
1128 1069 1193 1112 esse
1224 1047 1427 1124 sublimatus,

283 1150 419 1235 prudens
450 1150 508 1216 liat
536 1155 568 1216 et
598 1155 751 1216 sensatus.
805 1150 873 1214 Hoc
899 1147 983 1214 enim
1006 1149 1175 1214 attendant
1202 1153 1366 1216 studentes
1396 1155 1431 1214 et

284 1253 465 1340 frequenter
486 1255 669 1338 addiscant,
695 1259 733 1320 ut
754 1254 917 1319 sublimati
940 1255 1102 1319 exsistant.
1148 1255 1238 1320 Mens
1260 1257 1346 1321 enim
1369 1255 1429 1320 ho-

285 1360 380 1425 minis
402 1359 500 1426 alitur
529 1365 561 1426 et
590 1361 715 1426 laetatur
747 1360 909 1438 discendo,
941 1360 1058 1424 idcirco
1088 1359 1184 1424 finem
1215 1361 1330 1426 habere
1361 1381 1428 1424 non

224 1485 272 1525 ,ιο
285 1465 385 1530 debet.
430 1463 517 1530 Dicit
538 1466 623 1530 enim
646 1463 779 1530 Seneca:
803 1464 950 1529 discendo
971 1486 1013 1528 ne
1035 1465 1200 1542 defeceris;
1224 1464 1308 1530 idem
1331 1465 1428 1530 debet

284 1592 351 1636 esse
372 1569 445 1634 finis
467 1569 607 1634 discendi
630 1570 738 1652 quiet
761 1569 895 1635 vivendi.
941 1569 1032 1635 Alius
1054 1570 1182 1654 qnidam
1205 1570 1299 1634 dicit:
1323 1570 1351 1634 si
1371 1591 1429 1654 pe·

285 1675 355 1740 dem
378 1676 411 1738 in
434 1664 599 1758 sepulchro
623 1674 779 1751 haberem,
802 1673 904 1738 adhuc
925 1674 1084 1740 addiscere
1107 1674 1235 1754 vellem,
1259 1674 1431 1759 prudentia

286 1781 369 1846 enim
392 1783 520 1862 propter
543 1801 576 1844 se
597 1783 645 1843 est
666 1778 883 1844 desiderabilis
904 1783 937 1842 et
958 1779 1054 1844 etiam
1078 1783 1209 1864 propter
1231 1779 1329 1857 alios,
1353 1779 1431 1861 quia

285 1885 375 1950 utilis
396 1884 435 1949 ad
457 1883 567 1962 multa,
591 1887 627 1947 ut
649 1882 696 1948 ait
718 1887 946 1948 commentator
968 1905 1061 1966 super
1075 1885 1213 1968 primum
1230 1884 1428 1948 lllthioorum.

247 2009 272 2050 ιι
285 1989 368 2056 Vere
390 1995 438 2054 est
459 1989 587 2070 heatus,
619 1989 673 2072 qui
704 1988 826 2053 invenit
854 1989 1042 2072 sapientiam
1072 1994 1104 2054 et
1135 1990 1189 2073 qui
1218 1989 1322 2054 affluit
1350 2011 1429 2074 pru-

186 2151 190 2156 .
285 2095 401 2172 dentia,
424 2093 571 2159 Proverb.
596 2091 655 2156 ΙΙΙ.
701 2091 775 2157 Ideo
798 2092 922 2176 antiqui
945 2093 1103 2176 principes
1126 2093 1287 2158 habebant
1309 2094 1427 2178 magis-

285 2205 351 2264 tros
374 2221 446 2264 suos
469 2198 551 2263 sicut
573 2197 726 2281 Trajanus
749 2197 861 2261 habuit
883 2196 1098 2276 Plutarchum,
1122 2196 1208 2263 Nero
1223 2196 1372 2262 Senecam
1396 2203 1429 2262 et

285 2303 464 2370 Alexander
488 2302 703 2368 Aristotelem.
749 2301 834 2366 Nato
865 2302 950 2366 enim
972 2300 1153 2367 Alexandro
1176 2301 1344 2386 Philippus
1374 2325 1429 2386 pa·

286 2415 335 2476 ter
356 2411 422 2494 ejus
444 2407 571 2490 scripsit
592 2389 690 2471 unuin
711 2406 878 2491 epistolam
900 2406 1085 2471 Aristoteli:
1109 2406 1278 2492 Philippus
1300 2407 1427 2472 Aristo·

245 2545 272 2586 nc
285 2516 342 2581 teli
365 2513 507 2578 salutem.
554 2511 671 2576 Filium
694 2510 773 2574 mihi
795 2511 939 2595 genitum
961 2511 1058 2590 scito,
1092 2532 1154 2594 quo
1185 2513 1329 2595 equidem
1353 2509 1428 2598 {Diis

284 2619 385 2686 haheo
407 2619 562 2705 gratiam,
590 2639 653 2682 non
677 2621 741 2682 tam
765 2617 897 2699 proinde
920 2618 993 2702 quia
1015 2621 1108 2682 natus
1130 2622 1194 2694 est,
1226 2640 1320 2702 quam
1344 2619 1429 2702 quod

285 2747 357 2792 eum
378 2724 465 2789 nasci
495 2722 654 2807 contingit
681 2721 875 2805 temporibus
906 2723 979 2786 vitae
1002 2727 1079 2800 tuae3
1113 2745 1204 2808 spero
1235 2724 1320 2788 enim
1350 2723 1428 2800 fore,

285 2835 323 2894 ut
344 2829 388 2894 sit
409 2829 557 2894 educatus
581 2827 783 2910 eruditusque
806 2849 825 2890 a
846 2830 895 2903 te,
925 2833 961 2891 ut
990 2826 1104 2911 dignm
1127 2827 1243 2893 existat
1273 2833 1305 2892 et
1334 2827 1427 2892 nobis

286 2939 318 2999 et
340 2934 433 2999 rebus
455 2933 558 2998 nostri
581 2930 681 3016 regni.
728 2930 814 2995 Nota
837 2931 919 3015 quod
941 2931 1087 3016 princeps
1104 2953 1169 2996 non
1185 2934 1287 2996 solum
1302 2933 1429 3016 sapiens

246 3065 272 3106 as
286 3060 352 3104 esse
386 3039 478 3104 debet
507 3037 540 3101 in
572 3036 719 3101 humanis
752 3037 970 3120 dispensandis
1001 3039 1034 3101 et
1064 3037 1187 3121 legibus
1217 3058 1342 3130 eorum,
1375 3037 1429 3100 sed
1467 3021 1471 3040 ⁵

286 3143 381 3208 etiam
404 3145 438 3208 in
461 3143 576 3208 divinis
605 3141 747 3226 legibus,
780 3144 874 3225 prout
904 3140 950 3206 ait
981 3140 1127 3206 dominus
1155 3139 1283 3208 Denter.
1314 3140 1428 3206 XVII:

285 3251 450 3333 postquam
474 3247 559 3312 enim
581 3269 636 3312 rer
658 3246 774 3324 sederit
803 3245 836 3309 in
861 3244 940 3310 solio
972 3245 1063 3330 regni
1085 3246 1151 3324 sui,
1182 3247 1337 3311 describet
1366 3247 1429 3311 sihi

286 3352 567 3420 Deuteronomium
590 3351 671 3438 legis
694 3350 787 3434 hujus
810 3351 843 3414 in
868 3350 1027 3414 volumine
1050 3350 1205 3434 accipiens
1228 3351 1387 3435 exemplar
1410 3373 1430 3416 a

286 3458 500 3526 sacerdotibus
521 3457 669 3522 Leviticae
691 3456 793 3520 tribus
823 3457 855 3518 et
886 3454 1015 3520 habebit
1041 3476 1146 3520 secum
1169 3455 1316 3540 legetque
1337 3455 1428 3520 illurn

248 3590 273 3631 so
287 3565 433 3630 omnibus
458 3563 567 3629 diebus
589 3562 662 3627 ritae
684 3581 758 3637 suae,
782 3563 819 3624 ut
840 3559 940 3624 dmcat
962 3560 1074 3624 timere
1095 3559 1196 3624 Deum
1213 3581 1305 3624 sunm
1327 3566 1359 3625 et
1374 3582 1427 3625 ou·

288 3671 405 3736 stodire
428 3668 623 3734 caerimonias
646 3667 724 3750 ejus,
747 3687 817 3748 quae
839 3666 872 3728 in
896 3665 964 3750 lege
987 3669 1152 3748 praeceptae
1175 3667 1261 3745 sunt,
1285 3667 1379 3750 quod,
1402 3666 1429 3730 si

287 3777 371 3841 forte
394 3774 564 3838 illiteratus
587 3775 635 3836 est
657 3770 812 3854 princeps,
837 3769 977 3834 consiliis
989 3770 1188 3834 literatorum
1210 3770 1259 3834 uti
1281 3771 1350 3856 regi
1373 3791 1428 3835 ne·

288 3883 440 3957 cesseest,
464 3876 572 3942 unde1
596 3875 843 3940 asacerdotibus
855 3874 984 3956 jubetur
1007 3876 1146 3958 accipere
1168 3876 1329 3959 exemplar
1349 3874 1428 3960 legis

288 3989 321 4049 et
342 4008 361 4051 a
379 3982 541 4051 catholicis
563 3987 596 4046 et
618 3979 855 4057 ecclesiasticis·
868 3979 951 4044 sicut
973 3980 1100 4064 exponit
1115 3978 1326 4044 Helinandus.
1371 3981 1429 4044 Ait

248 4116 274 4156 as
288 4090 373 4155 enim
397 4089 521 4153 Tullius
544 4088 581 4151 de
604 4084 790 4150 Tusculanis
813 4084 1041 4168 questionibus
1064 4085 1120 4154 lib.
1144 4083 1192 4148 V:
1228 4084 1429 4169 philosophia

287 4199 335 4260 est
349 4195 476 4261 cultura
490 4192 598 4269 animi,
622 4212 692 4274 qum
714 4189 854 4256 extrahit
877 4190 954 4254 vitia
969 4189 1120 4254 radicitus
1142 4193 1174 4255 et
1190 4211 1227 4254 ea
1241 4189 1373 4255 mundat
1396 4193 1429 4254 et

849 4311 867 4351 ἢ

357 4421 371 4473 1
386 4418 497 4474 Andere
509 4418 585 4474 lesen
596 4417 698 4474 falech:
715 4429 817 4472 »narres
831 4411 897 4471 oder
911 4433 1004 4472 ›una‹
1018 4415 1076 4474 und
1086 4417 1163 4473 daun
1174 4435 1238 4474 ›ea‹
1253 4417 1298 4472 fttr
1311 4419 1356 4474 »et
1367 4431 1426 4474 ee».
