3172 4958
717 347 758 408 37

164 520 238 607 pide
261 519 416 600 conteris,
444 518 511 586 haec
533 517 742 604 procellarum
766 518 893 583 turbine
916 518 1104 606 submergis.
1151 518 1313 586 Nimirum

164 626 346 690 emissiones
368 624 522 708 superbiae
544 627 607 688 tuae
630 645 761 708 qumque
783 623 979 708 gravissimae
1001 627 1076 688 sunt
1098 627 1312 708 tempestates.

164 730 270 816 Igitur
296 729 408 793 melius
431 732 478 792 est
500 727 691 793 humilitatis
716 750 814 813 opaca
845 727 1010 793 modicitas
1041 749 1135 811 quam
1165 728 1312 794 sublimi·

164 833 242 898 tatis
268 833 411 917 superbae
441 833 648 918 perspicuitas
669 833 853 918 procellose.
900 834 1022 912 Quibus
1044 832 1137 898 dictis
1160 856 1313 921 arrogan-

135 943 229 1004 stem
252 937 405 1004 confudit.
773 945 780 962 ⁸
1071 959 1075 966 ·

164 1146 317 1212 Contra
338 1167 407 1212 eos
439 1146 510 1229 qui
541 1145 764 1230 superbire
793 1146 1059 1230 incipientes
1083 1147 1311 1216 inflantur.

416 1319 472 1385 De
493 1321 631 1386 anima
653 1326 693 1386 et
715 1341 913 1404 corpore,
937 1342 1004 1406 cap.
1030 1325 1059 1386 2.

253 1459 482 1546 Conjunetione
498 1466 531 1527 et
544 1462 686 1528 dominio
702 1463 817 1528 animae
832 1483 904 1528 caro
919 1463 1040 1548 pariter
1055 1464 1191 1532 liberate
1203 1469 1313 1534 statim

164 1566 320 1630 intumuit
341 1571 373 1631 et
395 1567 496 1632 laetari
518 1568 624 1652 erepit,
648 1568 731 1652 quod
747 1567 891 1652 inquieta
905 1569 1030 1651 perdita
1044 1571 1196 1636 servitute
1212 1595 1313 1658 nuper

123 1698 149 1736 ιο
164 1671 312 1758 grossitie
339 1672 435 1736 simul
465 1677 497 1738 et
528 1673 725 1757 quietatione
755 1673 915 1759 gauderet.
960 1672 1020 1739 Sed
1052 1696 1123 1740 cum
1153 1677 1315 1744 visitasset

165 1777 310 1842 relictam
334 1781 408 1863 post
429 1779 664 1862 aliquantulum
688 1776 803 1854 anima,
827 1780 863 1841 ut
878 1762 1037 1856 'cerneret
1062 1779 1199 1863 qualiter
1222 1786 1312 1863 esset,

166 1881 371 1947 tumefactum
394 1885 554 1968 reperiens
578 1883 698 1968 inquit:
730 1882 882 1968 putabam
914 1883 1041 1966 quidem
1068 1885 1258 1952 diminutam
1282 1891 1314 1952 te

166 1987 309 2071 fereper
333 2009 435 2053 meam
458 1987 653 2064 absentiam,
685 1986 761 2070 quid
785 1989 832 2050 est
854 1985 937 2068 quod
961 2007 993 2050 ee
1015 1987 1151 2053 inflata?
1188 1989 1234 2056 At
1257 1991 1313 2057 illa

165 2092 343 2177 respondit:
367 2095 484 2177 quippe
508 2113 580 2156 eum
603 2091 761 2175 reliquisti
784 2113 852 2169 me,
883 2091 1056 2176 subjectam
1087 2115 1137 2158 me
1160 2093 1313 2161 haetenus

122 2221 150 2258 re
165 2201 197 2260 et
220 2200 374 2275 vexatam,
399 2219 462 2260 una
485 2219 555 2261 cum
579 2193 708 2280 requie¹
732 2218 751 2259 a
773 2195 922 2259 libertate
945 2200 977 2259 et
998 2197 1219 2281 magnitudine
1242 2223 1312 2265 sum

163 2323 316 2388 possessa.
361 2301 412 2366 Ad
434 2301 501 2367 haec
523 2301 631 2366 anima
654 2300 751 2364 dixit:
786 2300 864 2364 bene
887 2299 994 2379 video,
1028 2301 1112 2384 quod
1134 2302 1179 2366 sic
1202 2304 1313 2370 inflata

165 2407 354 2492 ingrataque
376 2406 515 2491 loqueris
538 2407 657 2470 virtute
680 2428 716 2470 ac
738 2405 921 2492 cognitione
942 2405 1082 2490 privata,
1113 2428 1250 2492 namque
1280 2414 1312 2475 te

164 2533 234 2576 cum
259 2533 382 2598 semper
403 2512 569 2577 habuerim
592 2511 769 2588 inimicam,
799 2510 859 2575 tibi
882 2514 1005 2589 tamen,
1029 2516 1185 2595 quantum
1208 2513 1310 2597 potui,

164 2622 257 2682 noete
278 2639 314 2682 ae
336 2617 386 2682 die
409 2617 534 2702 patiens
556 2621 719 2700 tamquam
743 2617 844 2682 amica
865 2617 990 2682 servivi.
1035 2615 1182 2701 Namque
1209 2619 1312 2684 vivifi-

121 2749 148 2785 ao
163 2725 274 2789 cubam
296 2726 328 2788 te
350 2726 383 2788 et
405 2723 566 2788 occidebas
599 2744 664 2801 me,
697 2721 818 2786 alebam
843 2725 874 2786 te
907 2723 939 2785 et
962 2743 1012 2785 me
1035 2721 1228 2801 desiccabae,
1258 2724 1311 2790 de·

163 2828 317 2895 leetabam
341 2831 373 2892 te
394 2833 427 2892 et
449 2831 485 2892 tu
509 2849 557 2891 nie
580 2827 801 2892 contristabas
848 2825 939 2891 Certe
964 2827 1183 2892 ventosissima
1206 2851 1238 2893 es
1264 2832 1312 2895 lo·

163 2938 255 3012 cute,
279 2955 336 2999 nec
360 2937 408 2998 est
430 2933 556 3010 mirum,
580 2933 655 3016 quia
678 2955 747 3016 quae
770 2935 865 2996 vento
887 2931 1061 3011 inflantur,
1095 2933 1164 2997 sine
1187 2933 1311 2998 ratione

163 3043 294 3104 ventum
324 3042 430 3103 tamen
461 3041 623 3106 emittunt.
671 3039 823 3104 Attamen
856 3039 1021 3104 ostendam
1051 3039 1127 3118 tibi,
1161 3040 1310 3123 quidnam

162 3146 230 3210 sint
247 3143 334 3228 quies
357 3148 389 3208 et
412 3145 576 3230 grossities
600 3153 663 3209 tua.
710 3143 874 3210 Nimirum
896 3144 963 3207 haec
987 3143 1109 3227 requies
1132 3143 1192 3207 tibi
1216 3167 1311 3223 mors,

121 3271 147 3307 as
162 3250 311 3327 libertas,
341 3249 478 3332 perditio
509 3255 541 3315 et
570 3250 755 3316 tumefactis
786 3254 819 3315 et
850 3250 994 3333 putredo.
1041 3247 1257 3334 Impraegnata
1279 3273 1311 3316 ee

163 3351 237 3418 tabe
259 3353 366 3431 veteri,
391 3361 557 3440 rupturam
583 3356 739 3440 parturies
762 3359 795 3419 et
810 3355 912 3439 paries
928 3375 1058 3418 vermes·
1105 3351 1312 3437 Corruptivus

162 3457 249 3522 enim
272 3457 395 3522 inflavit
418 3463 450 3522 te
470 3460 572 3538 flatus,
598 3461 721 3526 scindet
743 3461 939 3535 temedium,
964 3458 1133 3524 effunderis
1150 3459 1183 3522 in
1199 3458 1310 3540 altum,

152 3562 321 3648 ,spargeris
344 3563 375 3627 in
400 3585 524 3629 omnem
546 3570 685 3629 ventum.
731 3563 848 3630 Nonne
870 3586 956 3628 mare
979 3585 1050 3628 euni
1074 3563 1213 3643 inflatur,
1239 3587 1311 3648 pro·

163 3669 280 3733 cellosa
301 3670 491 3734 ventositate
522 3671 727 3750 diffunditur,
760 3675 883 3734 tumore
915 3669 1090 3734 membrum
1119 3673 1310 3734 venenatum

121 3797 149 3832 ³⁰
163 3772 353 3853 extenditur,
377 3777 408 3838 et
431 3773 542 3839 inflata
569 3779 639 3839 cute
662 3775 826 3860 hydropisi
855 3775 1062 3840 fundamenta
1088 3773 1227 3858 corporis
1251 3775 1310 3839 mi-

162 3877 345 3945 norantur?
377 3880 428 3944 An
453 3881 592 3966 ignoras,
616 3881 699 3963 quod
723 3880 872 3964 spiritus,
902 3903 973 3945 eum
997 3877 1127 3941 inflatur
1153 3879 1309 3961 superbia,

161 3984 202 4048 ab
226 4005 261 4048 eo
284 3984 350 4049 vita
374 3985 575 4068 relinquitur,
600 3984 797 4070 ingrossatus
821 3984 994 4060 minuitur,
1018 3986 1165 4047 extensus
1188 3982 1310 4066 disjun-

161 4089 260 4176 gitur,
284 4092 405 4154 erectus
424 4089 618 4176 demergitur
634 4093 666 4154 et
681 4090 758 4156 forie
771 4091 959 4176 apparentia
971 4087 1161 4154 tumefactus
1171 4087 1310 4171 undique

161 4215 289 4280 sparsus
312 4193 440 4258 interna
462 4194 640 4259 substantia
663 4199 822 4259 vacuatur.
869 4194 951 4272 Quid
976 4215 1052 4280 ergo
1075 4197 1257 4280 turgescens
1274 4195 1312 4259 de

728 4315 746 4355 a

234 4423 245 4474 l
266 4419 376 4476 Ardere
394 4419 499 4476 felscb:
516 4420 633 4492 require.
