3160 4960
815 309 857 374 24

261 483 404 549 veritatis
419 485 563 551 amieum.
610 483 820 560 Quamobrem
836 505 905 550 mea
917 485 1055 550 maxime
1075 485 1276 552 moderantia
1287 484 1419 568 quidem

262 589 479 674 amplectenda
490 593 547 669 est,
572 611 621 666 ne,
638 609 710 654 eum
721 589 850 653 aemulos
866 589 985 673 injuste
999 589 1086 654 eudit
1101 591 1306 674 prosperitas,
1328 592 1417 674 juste

262 695 379 759 formet
407 715 459 760 eos
488 693 708 778 prosperitatis
751 693 960 760 immoderata
998 695 1196 778 perversitas.
1252 694 1418 760 Nimirum

263 819 300 862 ex
323 797 383 864 hoo
404 800 531 884 regulus
554 819 651 883 apum
673 797 816 862 aculeum
838 798 872 860 in
887 796 1026 863 fortunae
1042 799 1123 864 eella
1139 799 1296 883 deposuit,
1320 821 1417 883 quem

236 907 378 968 enatura
406 904 593 968 naturaliter
627 902 673 966 sie
702 903 874 981 instruxit,
905 908 951 983 ut,
976 925 1046 968 oum
1071 907 1118 968 est
1140 905 1256 990 agendi
1281 904 1417 970 facultas

266 1007 416 1086 validior,
445 1009 489 1072 sit
517 1005 685 1073 excedendi
715 1011 793 1072 tune
821 1007 993 1072 auctoritas
1016 1009 1130 1074 minor.
1177 1007 1265 1073 Caeee
1288 1009 1416 1093 quidem

266 1114 320 1177 lux
364 1113 491 1196 diesque
532 1112 672 1177 volatilis
716 1112 920 1178 mutabilium
958 1114 1154 1198 prosperitas
1196 1117 1253 1178 est.
1324 1114 1418 1178 Unde

266 1239 389 1302 semper
411 1221 537 1302 oportet
559 1239 733 1303 pavesoere,
759 1239 798 1282 ne
820 1218 876 1282 lux
898 1222 1043 1284 vertatur
1065 1218 1099 1282 in
1122 1219 1271 1284 tenebras
1298 1224 1331 1283 et
1352 1240 1417 1283 nox

267 1323 329 1388 diei
352 1322 518 1408 repentino
541 1344 634 1387 eursu
656 1321 811 1399 succedat,
834 1327 931 1406 atque
954 1322 1066 1387 exinde
1089 1323 1262 1408 prudenter
1278 1324 1311 1388 in
1325 1345 1415 1406 pros-

227 1447 254 1486 11
267 1429 350 1512 peris
373 1429 535 1493 modestius
558 1428 659 1513 magis
683 1450 719 1493 ae
742 1427 959 1492 beneficentiae
981 1427 1195 1506 intendamus,
1223 1429 1415 1493 1111111111-

265 1537 367 1598 temus
389 1533 544 1616 siquidem
568 1533 711 1597 inimicos
735 1532 890 1597 etaltera
913 1533 1082 1618 gignamus
1106 1533 1232 1610 amieos,
1257 1535 1283 1596 si
1308 1537 1417 1598 eontra

265 1659 323 1703 nos
346 1639 534 1724 quandoque
557 1643 727 1723 tempestas
750 1638 908 1724 ingruerit
930 1637 1150 1716 adversitatis,
1182 1641 1311 1722 portum
1333 1638 1416 1702 salu·

161 1825 164 1830 ,
266 1742 344 1808 teris
367 1743 478 1827 effugii
500 1744 693 1826 reperiamus
722 1748 935 1828 praeparatum
968 1743 1097 1828 provide
1127 1743 1162 1807 in
1185 1742 1305 1808 amieis.
1352 1741 1414 1806 Re·

268 1869 341 1912 1111
363 1852 462 1913 nauta
484 1848 680 1932 prudentior,
705 1848 780 1912 dum
802 1849 965 1913 adversum
990 1848 1191 1933 tempestatis
1213 1849 1330 1912 futurae
1352 1849 1416 1910 111-

232 1971 256 2009 n
270 1952 359 2038 pidet
381 1954 550 2036 impetum,
576 1953 886 2036 [in]tranquillitatis
909 1973 1019 2018 sereno
1042 1953 1287 2036 circumspectus
1311 1951 1416 2015 mode·

268 2057 380 2121 rantiae
403 2057 514 2136 medio,
538 2060 627 2122 tutus
652 2062 688 2122 ut
700 2059 837 2142 naviget,
860 2057 952 2142 ponit
974 2057 1087 2122 velum.
1134 2055 1194 2122 Sed
1207 2061 1244 2121 ut
1259 2056 1415 2121 excessiva

269 2155 437 2225 rutilantia
464 2162 567 2227 visum
590 2161 699 2226 tundit
728 2166 760 2226 et
790 2163 997 2226 immoderata
1018 2162 1132 2227 laetitia
1155 2184 1209 2227 eor
1231 2162 1417 2247 exstinguit,

270 2266 315 2330 sio
332 2287 443 2349 nempe
469 2267 663 2350 prosperitas
690 2265 896 2330 immoderata
920 2266 1096 2330 confundit.
1148 2267 1303 2342 Quoniam
1327 2273 1364 2330 ut
1386 2267 1420 2329 in

268 2375 519 2456 temperamento
542 2371 661 2434 sanitas
684 2371 824 2454 eorporis
857 2370 904 2435 ita
932 2371 966 2435 in
998 2371 1151 2435 modestia
1181 2370 1265 2437 salus
1290 2372 1416 2438 mentia.

229 2493 255 2532 2⁰
268 2475 383 2541 Nonne
409 2476 556 2540 timemus
579 2476 611 2539 in
644 2475 751 2540 arduis
782 2475 971 2539 naturaliter
1001 2497 1041 2540 ne
1073 2476 1247 2540 cadamus?
1280 2474 1329 2538 Ob
1361 2474 1420 2539 hoe

270 2580 517 2646 moderatissime
544 2583 750 2664 properantes
784 2580 818 2642 in
841 2579 1035 2644 humilitatis
1059 2580 1159 2644 solido
1181 2579 1281 2644 fundo
1303 2579 1416 2663 pedem

267 2708 363 2771 super
384 2685 520 2750 alterurn
542 2689 721 2762 teneamus,
754 2689 790 2748 ut
813 2685 858 2749 sie
880 2685 913 2748 in
944 2684 1047 2749 medio
1078 2689 1299 2768 permanentes
1324 2685 1414 2768 quasi

267 2792 353 2856 inter
364 2791 521 2875 profunda
542 2796 573 2857 et
583 2792 649 2856 alta
668 2792 734 2875 jam
756 2815 821 2858 non
837 2792 985 2858 timentes
1001 2792 1175 2871 humiliari,
1198 2793 1250 2858 sed
1274 2797 1417 2857 amantes

268 2895 302 2959 111
324 2893 507 2959 humilitate
529 2896 663 2974 servari,
693 2896 825 2961 salutari
856 2918 914 2960 nos
937 2896 1033 2962 ductu
1056 2896 1214 2982 dirigente
1236 2896 1416 2980 sapientiae,

230 3013 255 3051 2⁶
269 3003 467 3064 transeamus
489 3023 546 3085 per
569 3003 652 3066 bona
674 3001 877 3086 temporalia,
910 3005 949 3067 ut
978 3022 1043 3066 non
1073 3002 1259 3067 amittamus
1289 3004 1416 3066 aeterna.

269 3101 308 3166 In
324 3103 397 3167 altis
413 3105 531 3169 etenim
545 3105 692 3170 fluetibus
714 3107 831 3191 puppis
846 3106 997 3172 securiter
1007 3107 1147 3191 navigat,
1172 3106 1205 3171 in
1218 3106 1419 3172 firmamento

268 3207 415 3274 littorum
430 3209 458 3273 11
475 3209 608 3275 alterum
622 3209 633 3246 ¹
655 3211 912 3296 inseparabiliter
921 3233 1042 3276 remum
1053 3215 1160 3296 ponat.
1192 3210 1234 3276 Et
1245 3235 1336 3276 suum
1350 3213 1421 3294 quis

270 3318 376 3378 tutum
388 3335 514 3379 sursum
529 3315 696 3380 aedifioium
712 3316 825 3392 elevat,
848 3316 876 3380 si
895 3315 1135 3381 fundamentum
1153 3317 1219 3399 ejus
1236 3317 1270 3380 in
1287 3317 1421 3401 profun-

270 3419 410 3484 dioribu‘s
432 3421 534 3505 magis
559 3422 667 3505 viget?
692 3419 963 3497 Quemadmodum
985 3421 1087 3506 igitur
1110 3420 1245 3486 eoelestis
1257 3422 1420 3500 serenitas,

231 3536 256 3574 ⁸⁰
271 3533 390 3610 quanto
406 3526 548 3605 lucidior,
571 3529 662 3590 tanto
677 3525 892 3609 tranquillior,
920 3527 965 3589 sie
980 3526 1133 3611 sapientis
1146 3527 1340 3611 prosperitas
1358 3549 1423 3592 esse

270 3633 363 3696 debet
385 3631 585 3711 moderatior,
610 3633 729 3714 quanto
752 3631 861 3713 major.
907 3628 1027 3705 Quibus
1051 3631 1184 3715 digestis
1206 3633 1315 3696 tacuit.

269 3805 479 3873 Neminem
503 3827 688 3890 spernas,
720 3804 786 3869 sed
810 3804 1042 3887 unicuique
1077 3804 1266 3872 debitum
1296 3807 1423 3870 hono·

681 3930 760 3973 rem
794 3907 1020 3991 impendas.

473 4068 527 4135 De
549 4068 683 4146 leone,
706 4068 829 4150 vulpe
852 4071 893 4130 et
915 4087 1039 4145 mure,
1064 4088 1131 4149 eap.
1160 4069 1208 4130 18.

233 4215 258 4252 es
360 4192 459 4258 Leoni
488 4198 520 4258 et
543 4192 631 4277 vulpi
663 4191 831 4276 quaerendo
853 4195 982 4275 pastum
1003 4189 1223 4276 gradientibus
1246 4187 1358 4268 simul,
1389 4191 1424 4251 ut

841 4295 859 4334 lt

218 4381 220 4386 ’
346 4386 359 4439 1
378 4383 488 4440 Ardere
505 4384 596 4440 lesen:
616 4381 708 4448 111111,
727 4381 830 4437 audere
848 4381 941 4437 lassen
959 4379 1010 4436 das
1029 4383 1100 4438 went
1118 4397 1188 4452 weg.
