3172 4962
729 377 791 440 m

183 569 257 615 enm
278 548 449 627 fecissent,
480 548 549 633 lupi
579 548 613 613 in
636 569 766 635 gregem
795 547 835 614 ed
863 547 1005 635 libitum,
1024 547 1241 616 desoevierunt.
1285 551 1334 617 Ex

184 675 248 740 quo
270 657 370 738 petet,
395 653 478 739 quod
500 674 652 738 megnum
675 653 851 741 perieulum
875 658 934 733 est,
958 654 1084 738 qnando
1106 677 1208 736 osnes,
1231 656 1336 721 idest

184 759 407 844 praedioutores
429 761 461 821 et
482 760 621 821 restores
637 778 768 844 gregem
783 757 933 823 deserunt
948 762 1005 822 sut
1019 757 1137 823 latrare
1152 758 1333 845 negligunt.

184 861 273 928 Siout
295 862 381 927 enim
404 861 613 927 mansuetudo
636 861 671 926 in
693 861 822 927 homine
851 865 901 928 est
921 861 1091 928 laudabilis
1122 867 1156 928 et
1177 863 1226 929 ira
1248 865 1334 930 ritu-

158 966 344 1052 ⁶persbilis,
368 967 416 1033 sio
438 989 455 1032 e
477 967 638 1032 eontrario
660 967 695 1030 in
719 988 805 1046 eene,
828 973 1012 1033 mensuetus
1028 968 1113 1032 enim
1131 969 1218 1033 oanis
1233 969 1334 1035 bonus

184 1092 249 1138 non
271 1075 329 1150 est,
354 1070 430 1156 quia
450 1070 563 1136 feritas
584 1071 671 1135 cenis
694 1070 844 1138 laudetur
866 1071 900 1135 in
923 1093 1008 1151 enne,
1036 1073 1082 1138 sio
1104 1071 1200 1138 etism
1222 1072 1334 1140 feritas

184 1176 271 1242 senis
293 1176 442 1244 laudetur
464 1175 499 1242 in
522 1181 653 1242 restore.

486 1349 543 1416 De
565 1352 663 1437 igne
686 1355 725 1415 et
748 1373 872 1435 sque,
895 1350 970 1417 disi.
995 1356 1024 1417 9.

272 1490 362 1576 Ignis
377 1490 528 1569 estlenis,
551 1513 660 1575 purus,
683 1491 822 1568 subtilis,
845 1491 983 1569 mobilis
1006 1490 1130 1556 lucidus
1152 1495 1185 1556 et
1201 1491 1331 1570 calidus,

145 1615 171 1654 ιο
185 1601 217 1662 et
239 1596 315 1681 quie
337 1598 385 1660 est
407 1599 475 1660 tem
496 1595 672 1680 pretiosus,
699 1595 734 1660 in
756 1617 789 1659 se
812 1595 978 1660 sublimari
1001 1596 1098 1679 eoepit
1120 1595 1243 1660 dicens:
1273 1618 1335 1683 ego

184 1703 218 1765 in
241 1706 327 1767 terre
348 1701 495 1765 omnibus
518 1699 673 1785 praeveleo
696 1704 729 1764 et
753 1705 868 1765 cuneta
891 1721 1050 1779 consumo,
1073 1701 1127 1765 sed
1151 1701 1228 1766 siin
1244 1701 1335 1786 equis

185 1807 405 1890 praevslerem,
428 1805 607 1889 superlatus
629 1805 775 1870 omnibus
798 1806 973 1872 existerem.
1018 1805 1081 1871 Pro
1109 1810 1201 1872 tento
1231 1806 1271 1872 sd
1301 1829 1335 1871 se

186 1911 333 1976 olsmevit
355 1931 469 1993 squsnr
501 1909 622 1974 dicens:
653 1930 742 1975 soror
773 1909 952 1987 serissime,
983 1910 1173 1976 elementum
1207 1909 1266 1976 Dei
1300 1933 1333 1976 es

184 2020 221 2082 tu
242 2015 331 2080 velut
353 2035 429 2100 ego,
452 2019 665 2099 quopropter,
688 2015 715 2079 si
739 2015 801 2079 tibi
823 2020 1035 2080 commoratus
1057 2016 1147 2081 fuero
1173 2020 1206 2081 et
1229 2019 1332 2081 teeum

146 2149 171 2188 rs
186 2141 355 2199 connexus,
379 2141 442 2184 uon
465 2119 566 2184 solnm
583 2140 718 2205 mugnus
732 2119 786 2184 sed
803 2121 1059 2205 magnificentior
1080 2127 1113 2186 et
1129 2121 1333 2187 excellentior

183 2223 349 2308 apparebo.
397 2221 487 2287 Unde
510 2222 639 2288 obsecro
660 2227 703 2302 te,
727 2224 878 2308 permitte
900 2246 951 2290 me
973 2229 1077 2290 tecum
1100 2226 1222 2291 morsri
1243 2230 1275 2290 et
1298 2226 1333 2289 in

183 2333 215 2395 te
237 2327 377 2415 gloriari.
423 2327 518 2412 Aque
549 2349 623 2392 vero
654 2329 804 2394 simulare
834 2349 868 2393 se
897 2329 1060 2413 ingeniose
1090 2331 1188 2414 coepit
1210 2330 1334 2395 disens:

183 2433 336 2499 desiderio
369 2433 543 2498 desideravi
569 2431 628 2498 hoe
650 2432 768 2516 paseha
789 2436 894 2497 teonm
916 2433 1124 2514 manducare,
1159 2434 1269 2500 aceede
1292 2435 1331 2499 sd

182 2560 233 2603 me
253 2558 361 2603 secure
390 2541 424 2602 et
455 2543 488 2602 ts
521 2556 581 2624 pro
610 2536 732 2602 viribus
763 2537 944 2603 meliorato.
997 2537 1088 2625 lgnis
1118 2561 1243 2624 quoqne
1273 2539 1334 2604 hoe

142 2669 169 2710 ro
182 2643 313 2708 audiens
341 2643 506 2726 jucundari
537 2644 634 2728 ooepit
669 2647 703 2712 et
730 2643 940 2708 emioebiliter
971 2643 1009 2708 nd
1039 2665 1154 2728 aquom
1186 2643 1333 2724 intravit,

183 2769 267 2832 eque
288 2767 371 2825 vero,
396 2749 470 2812 dum
493 2749 598 2832 ignem
623 2748 657 2811 in
682 2769 715 2812 ee
737 2746 877 2825 heberet,
901 2748 1123 2812 assistentibus
1145 2748 1206 2816 sibi
1229 2747 1331 2814 dixit:

183 2853 243 2918 iste
265 2853 412 2918 inimicus
436 2857 468 2916 et
490 2852 668 2917 oontrerins
691 2855 739 2917 est
761 2852 886 2938 generis
909 2853 987 2928 mei,
1011 2853 1063 2917 hie
1086 2873 1136 2918 me
1158 2873 1240 2938 saepe
1255 2873 1331 2918 eon-

182 2957 321 3042 sumpsit
342 2963 375 3022 et
397 2957 436 3021 ad
458 2956 595 3021 nihilum
617 2957 750 3041 redegit,
778 2956 871 3022 modo
893 2979 943 3023 me
966 2958 1127 3023 vindicare
1149 2979 1277 3042 possum
1300 2961 1334 3022 et

181 3062 285 3147 ipsum
318 3063 533 3147 exstinguere,
566 3062 593 3126 si
625 3061 713 3140 volo,
744 3065 796 3128 sed
825 3063 916 3146 juxta
945 3063 1077 3128 verbum
1099 3063 1235 3147 apostoli
1258 3063 1333 3130 nolo

141 3191 168 3231 rs
181 3167 310 3232 reddere
332 3167 450 3232 molum
481 3186 540 3250 pro
569 3167 670 3246 malo,
703 3189 742 3232 ue
771 3167 911 3232 seculum
942 3167 1085 3250 privetur
1114 3171 1207 3232 tnn'to
1236 3168 1330 3247 bono,

181 3277 288 3338 temen
318 3272 389 3336 volo
419 3272 523 3354 ipsum
553 3271 787 3356 aliquantulum
820 3270 997 3335 humiliare.
1051 3269 1094 3334 lut
1126 3271 1193 3336 haeo
1224 3273 1332 3338 disens

181 3399 291 3462 perum
317 3375 446 3460 oollegit
468 3397 501 3439 se
531 3379 564 3438 et
594 3377 627 3440 in
659 3376 764 3460 ignem
796 3376 940 3460 mingere
969 3375 1074 3458 eoepit.
1126 3374 1170 3439 Et
1201 3376 1242 3440 ob
1257 3376 1333 3441 'hoe

181 3481 297 3546 orore¹
322 3501 436 3565 equom
458 3480 544 3566 ignis
567 3482 673 3564 eoepit,
697 3502 737 3544 ue
759 3481 864 3565 ipsum
888 3481 1114 3564 exstingueret.
1146 3478 1241 3563 Aque
1256 3501 1330 3546 vero

182 3586 311 3650 miserta
333 3592 382 3650 eet
403 3584 432 3649 ei
455 3605 512 3648 neo
534 3605 606 3649 enm
632 3605 670 3648 ex
691 3587 760 3649 toto
783 3585 955 3674 exstinxit,
986 3584 1041 3648 sed
1069 3584 1109 3647 sd
1132 3587 1251 3650 terram
1280 3587 1331 3670 ip-

141 3712 167 3751 ro
180 3711 249 3754 sum
273 3690 402 3755 deduxit
426 3690 548 3753 dicens:
578 3687 645 3752 Deo
676 3688 786 3752 domne
809 3687 930 3754 dulcem
954 3711 1066 3752 sonum
1091 3689 1249 3754 reddendo
1273 3711 1332 3774 pro

180 3795 264 3859 melo
286 3794 414 3860 bonum.
460 3792 519 3858 Sed
550 3793 643 3858 multi
673 3793 766 3858 hodie
796 3814 852 3876 per
883 3793 1076 3858 eontrarium
1108 3793 1246 3860 reddunt
1273 3815 1333 3878 pro

180 3900 264 3966 malo
286 3899 416 3977 melum,
439 3920 508 3963 eum
532 3898 644 3962 volunt
666 3898 838 3963 vindietsm
857 3919 1014 3962 assumere
1035 3899 1180 3963 nolentes
1196 3899 1332 3963 offensas

180 4005 349 4072 dimittere.
395 4002 530 4088 Propter
554 4003 636 4086 qnod
659 4002 864 4067 Hieronimus
887 4003 980 4068 dicit:
1005 4003 1156 4086 quonism
1172 4002 1259 4068 Dens
1273 4003 1330 4068 do·

181 4109 269 4175 nevit
298 4110 330 4174 in
354 4107 481 4174 Christo
515 4111 643 4192 peoeete
671 4111 797 4184 nostra,
825 4107 870 4171 sie
900 4109 933 4170 et
963 4127 1020 4170 nos
1042 4106 1240 4172 dimittemus
1269 4108 1331 4187 his,

140 4233 166 4274 re
180 4215 234 4298 qui
257 4215 291 4278 in
315 4215 406 4279 nobis
428 4216 578 4298 peceant,
611 4217 644 4278 et
667 4211 726 4276 Dei
754 4211 893 4275 imitatio
923 4210 1072 4294 injurium
1097 4211 1190 4276 nobis
1212 4211 1330 4276 fretam

746 4331 764 4371 s

252 4439 266 4494 1
286 4439 415 4496 Ardere:
433 4436 588 4510 deposcere.

1055 4526 1122 4594 10*
