3172 4958
820 309 863 374 40

270 481 455 566 exstinguit.
502 480 611 547 Altius
634 485 762 566 raptum
784 481 907 567 pondus
930 483 1044 550 foedius
1075 487 1188 552 cecidit
1220 491 1253 552 11
1281 491 1421 552 ereetum

270 585 339 650 sine
361 586 452 652 modo
474 588 580 652 velum
602 588 832 672 submergitur,
862 589 917 654 sed
950 589 1054 654 omnis
1084 589 1296 656 moderamine
1318 591 1421 655 virtus

271 689 339 774 agit
372 695 404 756 et
433 695 550 757 natura
579 692 732 758 dimicans
763 697 874 759 eontra
899 694 1046 760 morbum
1069 698 1196 762 tantum
1220 697 1254 760 in
1278 701 1420 761 extrema

269 795 456 862 necessitate
478 818 570 861 suum
592 819 684 881 posse
706 798 855 862 ostendit.
901 797 976 863 Ture
999 799 1100 893 igitur
1122 801 1315 866 valetudinis
1339 800 1420 864 fines

244 899 351 983 sage¹
374 905 406 964 et
421 903 513 966 extra
527 905 644 966 metam
661 905 723 966 tnae
745 902 958 986 longitudinis
981 905 1014 966 te
1036 903 1103 967 noli
1119 904 1298 969 extendere.
1330 901 1420 968 Onus

269 1025 358 1068 sume
387 1007 471 1088 quod
500 1007 600 1090 possis
629 1007 712 1072 ferre
742 1011 775 1072 et
807 1006 886 1071 illud
915 1007 988 1072 bibe
1020 1008 1104 1091 quod
1133 1008 1235 1092 possis
1265 1007 1419 1093 digerere.

269 1105 385 1192 Grepat
404 1111 502 1191 enim,
525 1111 836 1196 inproportionatum
859 1110 924 1176 suis
946 1111 1068 1176 viribus
1090 1113 1214 1195 pondus
1241 1111 1348 1178 levare
1362 1111 1420 1194 qui

270 1211 401 1292 nititur,
440 1219 473 1280 et
508 1221 604 1300 caput
636 1216 790 1296 inebriet,
830 1217 857 1281 si
891 1216 1099 1296 immoderate
1133 1216 1264 1282 bibatur
1298 1217 1417 1281 vinum.

269 1314 390 1391 Quibus
413 1319 507 1386 dictis
529 1321 562 1384 in
586 1320 692 1386 dolore
714 1343 771 1386 suo
793 1326 1058 1407 praesumtuosum
1081 1323 1229 1388 secedens
1254 1321 1418 1405 relinquit.

660 1529 816 1596 Contra
837 1531 1023 1598 audaces.

574 1703 628 1769 De
650 1725 754 1787 equo
776 1705 965 1784 stmulo,
987 1727 1055 1790 cap.
1081 1711 1111 1774 5.

357 1851 522 1917 Lorioatus
554 1874 653 1938 equus
683 1852 741 1917 sub
773 1852 876 1917 milite
906 1853 944 1917 de
975 1854 1070 1938 longe
1099 1851 1247 1937 proelium
1270 1847 1419 1912 odoratus

270 1979 343 2020 mor
356 1957 459 2041 gloria
470 1957 593 2021 narium
609 1957 786 2039 erectisque
798 1957 927 2021 auribus
943 1978 1014 2022 oum
1031 1956 1215 2042 arrogantia
1231 1951 1419 2036 capillorum

270 2061 458 2126 audacitatis
482 2083 546 2126 suae
570 2061 659 2126 misit
681 2061 853 2140 hinnitum,
877 2081 1010 2145 cumque
1033 2063 1124 2126 avida
1146 2065 1179 2125 et
1198 2057 1342 2124 instabili
1358 2077 1418 2118 un-

231 2190 256 2229 11
270 2165 347 2251 gula
369 2187 402 2230 se
424 2187 558 2230 cuneum
580 2167 614 2230 in
637 2165 785 2231 hostilem
809 2166 972 2230 anhelaret
995 2166 1178 2243 immittere,
1202 2185 1290 2227 secus
1313 2160 1418 2224 mulus

271 2269 407 2347 adstitit,
430 2272 484 2355 qui
507 2276 540 2335 11
562 2271 659 2336 dixit:
682 2293 773 2354 pone,
796 2269 905 2348 frater,
928 2270 1055 2334 letalem
1068 2270 1230 2335 audaciam
1252 2271 1285 2330 11
1306 2283 1418 2349 paves-

271 2397 343 2440 cens
359 2375 442 2460 fuge,
466 2377 616 2460 quoniam
633 2374 708 2440 dirae
724 2375 907 2440 transibunt
929 2378 962 2439 te
977 2376 1103 2460 sagittae
1125 2379 1158 2439 et
1176 2375 1300 2450 laneeae,
1318 2392 1354 2435 ac
1369 2391 1419 2434 re·

271 2481 407 2558 cordare,
432 2482 506 2565 quia
519 2482 620 2546 nudus
642 2485 675 2544 11
696 2480 802 2546 mollis
825 2485 858 2544 te
881 2481 1023 2564 sequitur
1049 2484 1124 2545 tuns
1139 2483 1258 2544 venter.
1303 2474 1420 2541 Atilia

270 2585 397 2649 flamma
419 2587 556 2670 pectoris
577 2587 764 2671 indignatus
786 2584 825 2650 ad
846 2586 986 2664 verbum,
1012 2587 1049 2650 de
1072 2584 1181 2651 sociali
1202 2583 1285 2649 male
1307 2583 1419 2667 gratus

232 2713 257 2752 11
272 2689 414 2767 consilio,
439 2690 503 2754 tale
525 2691 637 2755 effudit
659 2711 746 2754 venae
768 2688 917 2755 11111111Ε
941 2691 1099 2774 eloquium
1116 2690 1151 2754 in
1166 2689 1316 2753 amioum:
1341 2685 1420 2748 bene

271 2793 397 2876 quidem
421 2814 453 2857 es
477 2794 559 2858 asini
581 2795 667 2859 filius
696 2799 729 2858 et
760 2795 800 2858 ob
824 2794 883 2859 hoc
913 2795 1006 2860 corde
1027 2795 1163 2880 higidus
1185 2813 1306 2876 semper
1327 2789 1419 2853 fuisti

270 2895 400 2960 timidus
416 2901 511 2981 atque
525 2899 645 2977 tardus,
668 2920 772 2982 quaere
787 2897 958 2963 latibulum
982 2903 1013 2964 et
1035 2903 1068 2964 te
1091 2897 1270 2964 custodiant
1293 2915 1363 2958 mus
1387 2896 1421 2957 11

270 3001 367 3084 lepus.
415 3002 537 3079 Quibus
560 3001 654 3066 dictis
681 3003 793 3087 rapido
825 3023 918 3066 cursu
950 3023 1022 3066 mox
1040 2995 1127 3068 ‘oum
1158 3024 1191 3067 se
1222 2999 1360 3066 misisset
1384 2999 1419 3060 in

270 3105 388 3185 hostes,
411 3106 487 3172 hine
510 3108 583 3172 inde
606 3107 682 3172 diris
694 3107 877 3172 vulneribus
899 3107 1089 3190 perforatus,
1113 3106 1144 3170 vi
1167 3106 1238 3170 fusa
1258 3127 1329 3170 cum
1344 3125 1417 3168 san·

231 3237 257 3276 as
270 3212 377 3298 guina,
401 3211 565 3276 debilitate
577 3212 715 3296 corporis
727 3213 831 3276 soluto
847 3211 1002 3296 tegimine
1017 3233 1050 3276 se
1073 3211 1255 3296 prostravit.
1295 3208 1419 3274 Deinde

271 3341 342 3383 curn
365 3317 468 3382 mulus
489 3317 596 3382 effusis
625 3317 724 3402 copiis
748 3316 869 3386 bellicis
892 3338 1027 3402 pergens
1050 3315 1235 3380 semivivum
1260 3315 1345 3379 huuc
1367 3314 1418 3377 in·

270 3421 409 3487 venisset
419 3423 588 3507 jacentem,
612 3422 683 3486 risit
695 3421 844 3486 audacem
859 3425 892 3486 et
907 3421 1104 3486 subsannans
1121 3425 1333 3504 arrogantem,
1350 3421 1417 3482 11111

271 3528 581 3606 malishumiliatum,
595 3527 776 3611 subjunxit:
792 3529 911 3605 verete,
923 3527 1095 3603 carissime,
1108 3525 1285 3590 dextrarius
1296 3523 1417 3608 genuit,

169 3699 174 3708 ,
270 3635 439 3714 postquam
454 3630 607 3696 bulliente
630 3635 755 3715 pectore
778 3631 932 3716 superbiae
954 3631 1092 3696 audaciae
1114 3630 1217 3716 gloria
1232 3629 1331 3694 vitem
1345 3649 1418 3692 eum

231 3737 425 3821 insanguine
447 3737 622 3820 perdidisti.
668 3735 829 3801 Nimirum
853 3735 932 3800 bene
947 3736 1075 3820 scripsit
1090 3735 1289 3810 Aristoteles,
1313 3731 1418 3817 philo·

271 3840 441 3922 sophorum
456 3863 605 3920 summus,
634 3841 716 3924 quod
732 3861 854 3924 semper
869 3840 971 3919 calidi,
996 3842 1087 3906 eorde
1103 3861 1183 3924 saepe
1198 3838 1290 3916 fetui,
1314 3837 1416 3920 eapite

270 3943 384 4008 furiosi
408 3950 440 4008 11
462 3950 618 4012 amatores
642 3949 717 4010 sunt
738 3945 816 4009 vini.
862 3944 940 4011 Inde
963 3945 1042 4010 furit
1064 3944 1151 4009 ebria
1171 3943 1285 4022 Gallie,
1309 3945 1419 4024 estque

271 4049 338 4132 spei
362 4049 467 4114 dedita
473 4050 623 4133 juventus
644 4051 766 4116 insana.
813 4049 930 4116 Verum
947 4073 987 4114 ne
1010 4072 1063 4115 cor
1085 4051 1121 4115 in
1143 4031 1341 4115 audaciorem
1364 4047 1417 4111 de-

271 4155 423 4219 mentiam
454 4141 586 4234 bulliat,
619 4157 727 4240 splene
750 4157 877 4235 subter,
907 4155 1010 4239 eapite
1034 4155 1167 4239 desuper
1189 4158 1221 4219 et
1243 4152 1418 4218 lateraliter

835 4279 853 4319 *
1170 4267 1181 4284 .

345 4383 357 4434 l
380 4381 502 4437 1111111111
520 4398 681 4438 mensuram
701 4383 861 4440 validitatis
879 4400 955 4454 cape.
1026 4383 1043 4436 2
1061 4381 1188 4459 Ardere:
1206 4383 1306 4438 fastus.
