3172 4962
698 314 759 378 177

145 479 335 548 interiectus
357 485 414 548 est.
460 481 622 548 Johannes
653 483 748 548 etiarn
782 484 878 562 dixit,
912 488 994 570 quod
1026 487 1172 553 dominus
1199 486 1297 566 flevit,

146 586 276 670 quando
304 586 458 652 Lazarum
487 587 671 667 suscitavit,
704 610 741 653 ex
767 609 802 654 eo
826 591 909 672 quod
932 593 1067 656 amioum
1099 591 1298 658 carissimum
1319 640 1332 656 r

146 695 280 776 propter
302 692 381 758 alios
402 691 570 758 salvandos
593 692 632 757 ad
654 691 804 758 hostilem
827 693 925 759 vitam
948 717 1093 762 revocare
1115 697 1298 781 cogebatur.

147 797 242 863 Unde
270 797 367 862 etiam
396 796 479 882 apud
514 796 630 862 multos
665 803 713 864 est
745 799 955 878 consuetudo,
988 804 1024 866 ut
1054 800 1131 865 dioit
1161 799 1298 880 Solinus,

117 901 253 984 equod,
285 903 411 986 quando
434 925 513 986 puer
535 903 691 980 nescitur,
722 926 739 968 a
770 905 957 989 parentibus
979 910 1011 970 et
1033 907 1221 991 propinquis
1244 906 1298 970 de-

145 1004 259 1084 fletur,
292 1008 418 1090 quando
441 1029 515 1072 vero
538 1008 608 1092 quis
631 1007 785 1086 moritur,
817 1008 857 1072 ad
881 1008 1040 1074 tumulum
1063 1031 1134 1074 oum
1157 1011 1299 1095 tripudio

145 1115 306 1194 portatur.

389 1285 446 1350 De
468 1285 623 1350 duabus
646 1284 883 1366 arboribus,
907 1287 981 1354 dial.
1009 1291 1060 1356 36.

236 1425 375 1490 Arbores
399 1426 467 1490 dure
490 1426 523 1488 in
547 1424 710 1492 cacumine
733 1446 797 1489 uno
820 1426 917 1490 simul
941 1427 1161 1510 pullulabant,
1191 1433 1296 1496 umen

104 1551 133 1588 1⁰
147 1553 214 1596 una
234 1529 448 1615 pulcherrima
471 1529 506 1592 in
529 1530 593 1593 situ
616 1533 648 1594 et
671 1527 757 1593 foliis
788 1535 820 1595 et
842 1532 1017 1610 fructibus,
1049 1533 1112 1598 alia
1140 1556 1213 1599 vero
1245 1535 1298 1600 de-

147 1634 260 1700 formis
282 1635 317 1700 in
342 1632 488 1698 omnibus
513 1637 589 1700 erat.
637 1633 688 1698 Ad
711 1634 839 1699 arbores
862 1635 941 1699 istas
962 1637 1058 1702 multi
1073 1644 1297 1718 convenerunt,

36 1734 40 1740 ’
149 1740 206 1823 qui
233 1739 374 1805 videntes
406 1741 530 1804 tantam
563 1738 855 1806 dissimilitudinem
877 1740 911 1804 in
934 1742 1099 1808 arboribus
1121 1742 1187 1808 illis
1210 1745 1297 1809 dixe-

148 1849 241 1910 runt:
270 1844 391 1929 justum
416 1847 465 1908 est
488 1843 573 1907 enim
595 1843 685 1908 illum
709 1844 928 1928 turpissimam
952 1846 1095 1912 arborem
1120 1823 1298 1932 praetidere,

149 1970 219 2034 quae
248 1952 375 2014 tantum
407 1948 555 2031 deturpat
585 1947 725 2012 decorem
762 1948 901 2013 alterius.
957 1948 1098 2034 Cumque
1130 1953 1299 2036 praeoidere

107 2071 134 2110 1⁶
149 2053 339 2131 voluissent,¹
356 2054 449 2118 arbor
472 2052 529 2118 ille
550 2054 684 2136 loquuta
705 2057 754 2117 est
776 2052 821 2118 eis
844 2053 968 2120 diosus:
991 2077 1010 2120 o
1033 2056 1203 2139 prudentes
1226 2056 1298 2135 viri,

148 2157 301 2243 seriptum
325 2159 429 2224 estin
453 2158 532 2246 lege,
554 2157 655 2223 Lavit.
677 2155 789 2223 XIX⁰:
809 2160 898 2242 justa
916 2160 1036 2244 judicia
1056 2161 1201 2245 proximo
1224 2164 1298 2227 tuot

148 2261 227 2328 Cum
250 2265 336 2328 enim
357 2265 503 2328 dominus
527 2269 674 2350 pergeret
696 2266 807 2328 eontra
829 2262 1013 2343 Sodomam,
1044 2269 1081 2329 ut
1108 2266 1222 2350 impios
1242 2266 1295 2349 ju-

149 2367 278 2448 diearet,
301 2369 349 2433 ait
363 2368 513 2448 Abrahae,
543 2369 621 2438 Gen.
643 2367 790 2435 xv11102
813 2369 932 2436 elamor
954 2368 1159 2434 Sodomorum
1184 2370 1294 2435 multi-

149 2474 285 2558 plicatus
307 2476 373 2553 est,
407 2474 593 2539 descendam
615 2477 648 2539 et
670 2473 797 2554 videbo,
821 2478 928 2539 utrum
952 2474 1142 2553 clamorem,
1165 2474 1221 2558 qui
1243 2495 1297 2565 vaff

108 2595 135 2634 2⁰
149 2577 199 2643 uit
221 2578 260 2643 ad
283 2599 350 2655 me,
383 2599 475 2662 opere
497 2579 756 2662 compleverunt,
780 2579 870 2662 quasi
893 2579 994 2644 dieat:
1026 2580 1111 2643 mala
1131 2578 1297 2644 hominum

148 2705 213 2748 non
235 2704 358 2768 semper
381 2683 508 2762 oredite,
532 2688 702 2770 antequam
725 2683 883 2769 probetis,
912 2684 986 2748 inde
1009 2689 1073 2760 est,
1097 2684 1180 2767 quod
1198 2684 1296 2768 judex

148 2788 207 2853 soli
229 2788 291 2853 sibi
313 2793 476 2871 peecatum
500 2792 610 2852 notum
644 2789 758 2872 punire
791 2809 854 2853 non
887 2793 1001 2873 potest.
1054 2785 1147 2852 Unde
1177 2787 1295 2853 dietum

147 2896 196 2958 est
217 2891 289 2958 Joh.
315 2889 429 2956 V111⁰:
454 2913 546 2956 nemo
559 2896 591 2957 te
605 2893 835 2972 condemnavit,
861 2892 996 2957 mulier?
1019 2890 1134 2972 Nemo,
1157 2893 1293 2958 domine.

146 2993 214 3062 Neo
245 3019 304 3084 ego
333 3001 366 3061 te
388 2997 611 3063 condemnabo.
657 2995 743 3082 Ergo
766 2997 865 3062 nolite
897 3019 947 3062 me
977 2997 1186 3063 condemnare
1217 3001 1293 3062 ante

110 3103 369 3188 reprobationem
391 3103 552 3168 fruetuum
574 3124 726 3181 meorum,
749 3103 824 3187 quia
836 3102 882 3168 ait
901 3103 1040 3167 salvator
1058 3100 1173 3167 Matth.
1192 3100 1294 3166 VII⁰:

150 3207 348 3274 airuetibus
370 3229 476 3273 eorum
507 3207 685 3293 agnoscetis
718 3229 779 3272 eos.
825 3205 880 3270 Illi
910 3211 1017 3272 autem
1049 3211 1209 3270 steterunt
1232 3206 1291 3271 hoo
1424 3241 1425 3244 ¹

150 3313 313 3379 audientes
335 3317 367 3377 et
390 3313 428 3377 de
450 3333 561 3397 sapore
584 3311 744 3376 fructuum
768 3332 875 3375 eorum
893 3315 1138 3394 temptaverunt,
1164 3331 1298 3394 eumque

151 3418 188 3482 de
209 3417 443 3502 pulchrioribus
466 3418 649 3502 gustassent
680 3419 713 3480 et
741 3436 884 3499 saporem
916 3414 949 3478 in
981 3413 1026 3478 sis
1056 3413 1186 3478 minime
1209 3435 1298 3496 repe-

151 3509 261 3602 rirent,
283 3522 517 3587 maledixerunt
538 3522 583 3585 eis
607 3543 642 3586 ao
665 3522 703 3585 da
725 3519 922 3604 turpioribus
946 3518 1090 3584 edebant.
1138 3517 1217 3584 Cum
1240 3541 1297 3584 au·

113 3653 137 3690 ao
151 3631 214 3691 tem
238 3647 381 3710 saporem
405 3626 573 3691 delioatum
598 3625 780 3690 invenirent
802 3629 835 3689 et
857 3629 1004 3710 pacatum
1028 3625 1172 3703 odorem,
1196 3623 1298 3689 Deum

150 3736 181 3797 et
203 3731 326 3796 fruetus
349 3731 605 3797 oollaudaverunt
627 3731 783 3795 dieentes:
806 3736 853 3794 est
876 3729 1010 3796 seientia
1032 3729 1183 3814 probare,
1207 3733 1297 3793 ante-

150 3858 244 3922 quam
267 3836 467 3901 sententiare.
514 3837 605 3914 Quia,
629 3840 665 3899 ut
688 3835 765 3900 dicit
788 3834 945 3912 Isidorus,
968 3834 1093 3898 nullum
1111 3833 1299 3898 condemnes

17 3971 19 3980 ’
149 3945 223 4007 ante
242 3941 412 4026 judicium,
435 3944 509 4006 ante
532 3939 632 4023 proba
654 3943 685 4005 et
708 3940 754 4024 sip
773 3939 889 4023 judica.
938 3937 1023 4003 Ante
1055 3959 1132 4024 ergo
1165 3937 1299 4021 probare

149 4047 241 4112 debes
264 4067 359 4132 quam
390 4044 591 4109 sententiare.
637 4041 681 4106 Et
704 4042 895 4128 Gregorius:
930 4043 985 4126 qui
1012 4042 1134 4127 justum
1157 4043 1298 4122 damnat,

115 4152 329 4217 esmortifioat.
384 4149 426 4214 Et
460 4150 515 4232 qui
546 4170 635 4214 reum
667 4148 823 4232 supplicio
853 4151 986 4213 eonatur
1017 4147 1195 4222 exsolvere,
1233 4167 1297 4211 uon

17 4261 18 4266 ’
150 4258 307 4322 victurum
329 4255 447 4320 nititur
469 4253 636 4318 vivificare.
683 4252 856 4336 Nunquam
884 4253 981 4336 judex
1003 4251 1144 4336 aliquam
1169 4254 1298 4314 senten-

150 4362 229 4428 tiam
252 4362 286 4425 in
309 4362 358 4426 ira
380 4364 413 4426 et
434 4359 504 4425 sine
527 4353 761 4425 examinatione
782 4357 866 4426 ferre
887 4358 990 4438 debet,
1014 4357 1089 4442 quia
1109 4357 1185 4422 dicit
1203 4356 1296 4423 Prov.

201 4481 364 4526 Fabelbdobsr
1050 4468 1087 4528 12
