3146 4962
792 275 894 402 214*
997 359 1001 376 ·

247 511 371 588 eulum3
405 509 465 574 hoo
493 531 559 574 non
591 510 777 588 admireris,
810 511 864 576 sed
888 509 915 575 si
938 512 1095 592 audieris,
1127 513 1211 596 quod
1234 513 1408 598 praevaluit

248 616 319 700 quis
341 615 480 700 effugere
503 615 541 679 de
563 637 659 681 manu
683 617 814 695 inimioi,
838 615 897 681 hoe
919 617 1086 683 admirare.

523 789 578 856 De
600 790 727 877 cigno
749 795 789 857 et
810 813 950 870 corvo,
976 793 1050 860 dial.
1076 797 1126 858 70.

336 930 458 1017 (lignus
486 935 535 997 est
566 933 634 997 avis
670 935 740 998 tota
770 931 862 1009 elba,
898 951 1009 998 corvus
1040 953 1096 1017 per
1126 933 1321 998 eontrarium
1356 938 1408 998 est

223 1037 349 1122 sniger,
372 1041 405 1102 et
427 1037 497 1102 ideo
521 1037 731 1102 aemulabatur
753 1036 883 1120 oignum
905 1041 1035 1121 propter
1058 1038 1236 1103 albedinem
1260 1041 1293 1102 et
1309 1059 1407 1102 mun-

249 1141 361 1206 ditiam
385 1142 461 1225 ejus.
507 1141 628 1206 idcireo
661 1145 731 1206 toto
761 1140 868 1206 studio
898 1142 1074 1208 conabatur
1102 1143 1232 1230 signum
1263 1142 1408 1227 polluere

250 1269 286 1313 ao
308 1247 485 1331 denigrare,
509 1250 543 1310 et
565 1247 640 1330 quia
662 1245 824 1331 vigilando
838 1246 970 1311 minime
991 1247 1128 1325 valebat,
1148 1247 1335 1312 dormiendo
1353 1269 1407 1312 sa·

249 1352 371 1438 gaoiter
394 1351 543 1435 cupiebat
565 1371 667 1436 agere.
714 1351 806 1416 Unde
829 1351 966 1434 quadam
989 1356 1083 1417 noete
1105 1352 1283 1416 dormiente
1307 1350 1405 1436 cigno

250 1478 362 1523 corvus
393 1456 552 1540 malignus
582 1456 622 1520 ad
652 1455 763 1521 nidum
797 1456 898 1540 ipsius
931 1457 1014 1522 elam
1046 1457 1243 1522 subintravit
1273 1461 1306 1520 et
1331 1475 1406 1521 eum

213 1583 240 1619 ¹⁰
255 1560 359 1628 eolore
389 1560 563 1645 nigerrimo
596 1560 725 1645 signum
755 1565 858 1626 totum
882 1561 999 1645 polluit
1025 1565 1057 1626 et
1088 1561 1279 1648 denigravit.
1325 1561 1407 1626 (lum

251 1669 357 1730 autem
379 1664 445 1729 dies
468 1665 590 1730 adesset
612 1668 645 1730 et
666 1665 779 1750 cignus
802 1665 959 1731 excitatus
981 1671 1063 1731 esset
1086 1688 1105 1730 a
1127 1685 1254 1744 somno,
1287 1669 1320 1748 et
1350 1667 1404 1729 in·

115 1799 118 1810 ·
250 1769 417 1834 fieiatum¹
451 1791 484 1834 se
507 1769 616 1834 videns
640 1769 736 1849 lavit,
760 1770 858 1834 donee
880 1769 1006 1835 albatus
1036 1774 1069 1834 et
1090 1771 1276 1855 purificatus
1308 1769 1408 1834 exirit

252 1875 377 1939 dicens:
401 1874 456 1958 qui
479 1873 549 1937 vult
569 1875 639 1939 fieri
661 1876 784 1952 beatus,
808 1896 931 1959 semper
947 1875 990 1940 sit
1005 1877 1238 1941 immaculatus.
1285 1874 1407 1940 Corvus

251 1985 300 2044 est
322 1979 482 2058 diabolus,
519 1980 660 2068 quinon
686 1983 789 2064 potest
812 1980 932 2046 intueri
956 1981 1145 2046 munditiam
1177 1985 1210 2046 et
1231 1979 1408 2065 puritatem

213 2105 238 2142 ιο
252 2104 414 2148 servorum
437 2081 515 2160 Dei,
549 2084 632 2148 unde
661 2087 730 2149 toto
753 2085 919 2150 masmine
942 2085 1057 2149 nititur
1085 2107 1137 2150 eos
1160 2085 1318 2170 polluere,
1350 2081 1407 2147 sed

253 2188 328 2271 quia
350 2186 512 2272 vigilando
536 2188 595 2253 hoo
617 2210 711 2274 agere
733 2190 854 2274 nequit,
879 2190 1063 2255 dormiendo
1075 2191 1195 2277 sategit
1209 2193 1405 2274 perpetrare,

253 2291 336 2356 unde
357 2290 556 2376 vigilandum
578 2297 634 2358 est.
683 2291 770 2357 Dieit
794 2293 1012 2378 Augustinus:
1044 2293 1144 2358 hostis
1174 2292 1289 2378 vigilet
1313 2295 1347 2356 et
1369 2295 1407 2355 tu

254 2396 393 2463 dormis?
417 2395 649 2481 deproperes
671 2398 913 2482 dieiturprima
939 2395 1026 2465 Petri
1042 2397 1092 2462 1⁰:
1117 2397 1281 2474 eemssimi,
1305 2396 1408 2461 sobrii

254 2505 354 2566 estote
376 2507 408 2566 et
431 2502 563 2586 vigilate
585 2505 619 2568 in
642 2502 855 2580 orationibus,
887 2501 962 2586 quia
983 2502 1181 2568 adversarius
1210 2504 1315 2566 vester
1336 2499 1408 2564 dia-

215 2629 240 2666 ro
254 2606 345 2672 bolus
377 2611 541 2692 tamquam
573 2608 621 2673 leo
653 2609 781 2693 rugiens
809 2608 924 2672 oirouit
946 2629 1107 2690 quaerens,
1140 2627 1233 2691 quem
1264 2605 1407 2682 devoret,

255 2711 306 2774 oui
329 2711 467 2775 resistite
488 2711 586 2777 fortes
609 2713 642 2776 in
658 2713 728 2778 fide.
774 2712 909 2796 Propter
933 2713 1017 2796 quod
1042 2713 1120 2777 dicit
1144 2711 1300 2776 isidorus:
1325 2731 1408 2793 quos

255 2811 425 2896 vigilantes
448 2814 605 2879 immundi
626 2816 758 2898 spiritus
782 2817 890 2881 vident
921 2838 979 2882 neo
1002 2820 1171 2901 superent,
1204 2816 1320 2880 aeriter
1354 2836 1410 2879 eos

254 2917 447 2982 dormientes
483 2920 684 3005 impugnant.
752 2919 843 2986 Unde
882 2921 917 2984 in
958 2919 1211 3006 Vitaspetrum¹
1251 2920 1411 2985 daenes

256 3021 421 3107 quemdam
445 3022 577 3089 fratrem
599 3025 645 3089 sio
667 3025 875 3102 deludebant,
910 3025 1010 3109 quod,
1035 3025 1161 3110 quando
1183 3025 1299 3090 iratres
1322 3045 1411 3089 oom-

217 3149 242 3188 aa
256 3127 417 3193 munioare
440 3129 605 3208 debebant,
630 3130 705 3195 dum
728 3129 890 3208 dormiret,
914 3130 1113 3217 apparebant
1136 3130 1165 3194 ei
1181 3127 1409 3194 similitudines

256 3232 425 3298 mulierum
448 3237 481 3298 et
501 3234 688 3316 polluebant
711 3255 797 3312 eum,
828 3237 860 3298 et
883 3233 958 3298 dum
981 3234 1160 3299 oonsuleret
1181 3237 1307 3316 patres,
1332 3233 1409 3316 quid

256 3359 351 3420 super
374 3337 432 3402 hoo
454 3342 537 3402 esset
559 3338 734 3422 agendum,
767 3339 966 3421 inquirentes
997 3338 1036 3402 de
1058 3342 1145 3402 statu
1167 3335 1235 3420 ejus
1264 3340 1298 3400 et
1319 3337 1410 3401 inve·

257 3443 392 3519 nientes,
415 3441 499 3526 quod
522 3445 581 3506 hoo
603 3463 667 3506 non
691 3441 853 3506 assidebat
875 3463 914 3505 ox
937 3441 998 3508 eibi
1024 3447 1163 3527 etpotus
1177 3441 1409 3524 superfluitate,

258 3546 414 3613 diabolica
435 3545 583 3610 illusione
602 3545 825 3630 judicaverunt
847 3546 907 3612 hoe
928 3546 1014 3625 fieri,
1049 3550 1082 3612 et
1111 3546 1338 3611 consuluerunt
1368 3546 1409 3625 ei,

219 3676 245 3713 eo
259 3674 299 3716 ne
333 3655 464 3735 propter
504 3650 563 3714 hoo
599 3649 851 3715 communionem
874 3650 1060 3715 dimitteret.
1118 3649 1272 3714 Diabolus
1304 3655 1410 3715 eutem

257 3761 367 3843 postea
390 3756 419 3820 ei
441 3777 506 3820 non
528 3755 649 3833 illusit,
673 3754 901 3832 manifestans,
932 3756 1017 3838 qued
1048 3755 1107 3820 hoo
1137 3755 1291 3834 faciebat,
1324 3758 1361 3818 ut
1391 3777 1411 3820 a

259 3865 350 3928 tanto
374 3862 455 3927 bono
479 3881 550 3925 eum
572 3861 757 3926 retraheret.

499 4035 554 4102 De
576 4036 722 4102 ornioe
746 4039 785 4100 et
807 4035 993 4122 gallina,
1015 4034 1089 4101 dial.
1115 4037 1164 4100 71.

346 4177 458 4258 Ornis,
483 4179 580 4244 idest
602 4178 725 4264 gallina
746 4177 910 4254 silvestris,
935 4174 1044 4240 videns
1067 4195 1125 4240 ova
1145 4173 1278 4259 pavonis
1301 4173 1409 4238 nidum

826 4299 844 4338 *

333 4401 346 4454 1
366 4400 477 4458 Andere
495 4402 583 4457 lesan:
601 4402 747 4460 infectum.
819 4405 835 4458 2
853 4400 964 4456 Audere
981 4399 1131 4470 riohtdger:
1152 4398 1225 4454 Vitis
1242 4401 1367 4472 patrum.
