3074 4952
658 365 720 431 225

113 537 189 598 sunt
210 532 311 618 aliqui
332 537 364 598 et
388 538 502 599 curent
525 535 601 619 quid
624 535 769 604 homines
792 543 900 622 egent.
946 537 980 603 Si
1001 539 1082 604 nulli
1103 545 1182 614 sunt
1207 544 1264 605 eut

112 639 137 702 si
161 659 224 704 non
248 638 425 724 respiciunt
448 661 496 704 res
519 639 695 720 homiuum,
729 643 813 707 nihil
835 643 949 721 refert,
983 643 1263 729 quomodocunque

111 743 261 808 vivemus.
308 741 365 808 Sin
388 747 495 808 eutem
516 749 610 824 sunt,
643 750 675 809 et
707 746 875 812 intuentur
908 750 1018 814 nostre
1047 747 1148 826 fecte,
1179 755 1262 814 certe

111 846 233 932 plecere
255 868 425 932 possumus
447 870 499 914 sos
515 848 653 915 victimis
668 855 701 916 et
715 851 887 932 secrificiis,
912 851 987 936 quie
1001 857 1078 917 sunt
1091 853 1262 936 placabiles

111 955 142 1016 et
162 952 350 1030 exorabiles,
374 957 411 1018 ut
433 957 482 1018 est
504 953 539 1018 in
561 957 721 1020 communi
743 957 887 1022 omnium
909 977 1062 1021 sermone.

194 1049 399 1142 Colloquibm
422 1057 509 1124 istud
531 1061 589 1136 est,
611 1062 649 1124 ut
664 1059 812 1139 diximus,
836 1061 1008 1140 ethnicum,
1032 1065 1066 1126 et
1079 1062 1262 1128 confutetur

110 1163 275 1228 eSoerete
299 1167 426 1246 poetes,
457 1162 512 1226 sed
536 1162 643 1228 eedem
666 1169 713 1229 cst
735 1165 829 1250 plene
851 1165 934 1230 retio
965 1165 1159 1249 pontificum.
1205 1165 1262 1232 Et·

110 1268 240 1334 enimsi
264 1265 442 1332 voluissent
463 1265 569 1332 officio
592 1267 703 1353 fungi,
727 1269 810 1354 quod
835 1270 968 1348 debent,
1000 1274 1033 1335 et
1055 1271 1143 1354 cujus
1165 1270 1262 1334 titulo

109 1371 313 1438 lectitantes
336 1371 477 1436 retinent
499 1371 721 1455 possessiones,
740 1374 808 1457 jum
832 1374 1024 1458 oportuisset
1045 1395 1098 1438 eos
1114 1375 1261 1452 docendo,

109 1478 274 1556 monendo,
299 1475 506 1554 emendando,
531 1477 627 1542 veriis
650 1481 682 1541 et
704 1479 935 1563 multiplicibus
958 1479 1144 1544 ministeriis
1160 1480 1261 1544 mexi-

108 1603 173 1648 mos
194 1581 285 1648 obire
309 1579 445 1658 labores,
471 1580 607 1646 tolerere
630 1580 747 1646 multes
771 1583 907 1668 vigilius,
932 1582 974 1666 [T
983 1583 1045 1668 iiij]
1068 1603 1262 1667 concoquere

107 1689 201 1774 longe
228 1685 347 1763 tendis,
381 1685 449 1769 peti
479 1685 687 1750 contumelies
718 1686 957 1770 improborum,
991 1691 1024 1752 et
1046 1709 1104 1772 pro
1127 1688 1259 1752 summis

106 1791 264 1860 beneficiis
288 1790 382 1856 edfici
406 1789 530 1874 probris
553 1793 649 1874 etque
664 1789 825 1868 conviciis,
847 1791 881 1855 in
905 1791 978 1856 vilae
1001 1813 1126 1875 quoque
1148 1792 1259 1856 discri-

106 1899 189 1964 mine
210 1917 276 1961 non
300 1914 376 1960 raro
398 1895 533 1972 verseri,
563 1894 647 1977 quod
676 1895 738 1979 piis
767 1895 856 1960 verbi
885 1895 1065 1962 doctoribus
1096 1896 1259 1981 proprium

109 2006 162 2069 est.
207 2001 287 2066 Haec
309 1998 443 2082 inquem
465 1998 572 2063 omnie
594 1997 755 2064 subeunde
778 1999 912 2065 fuissent
934 2001 995 2078 eis,
1020 2023 1078 2066 nec
1102 2001 1134 2064 id
1157 2001 1259 2080 m0d0,

109 2107 157 2171 sed
178 2105 216 2171 de
238 2104 355 2190 quevis
377 2103 483 2188 potius
506 2125 540 2168 re
563 2101 770 2188 cogitandum
792 2105 837 2168 eis
858 2103 971 2170 fuisset
994 2127 1089 2189 quem
1109 2106 1147 2170 de
1174 2127 1259 2172 eom-

110 2211 251 2294 purundis
274 2208 409 2294 opibus,
433 2207 586 2273 vixissent
608 2207 752 2273 contenti
775 2208 925 2274 mediocri
947 2209 1098 2293 tenuique
1121 2209 1259 2275 fortune.

114 2313 170 2379 Sed
195 2337 321 2400 quiere,
357 2313 413 2397 qui
442 2312 639 2396 respondeat.
684 2311 875 2378 Pontificum
910 2317 993 2380 certe
1023 2336 1194 2400 generosus
1226 2319 1258 2378 et

113 2419 274 2487 immensus
311 2419 438 2484 enimus
470 2417 552 2482 benc
583 2416 769 2482 servitutem
803 2421 836 2482 et
858 2418 964 2484 sordes
988 2440 1029 2484 ne
1052 2419 1166 2502 dignes
1190 2419 1261 2503 qui-

7 2589 9 2622 ,
111 2523 175 2588 dern
197 2547 263 2590 esse
287 2527 402 2608 putet,
425 2522 463 2586 de
485 2521 599 2605 quibus
621 2521 750 2607 cogitet.
790 2521 935 2588 Platonis
958 2523 1084 2608 potius,
1108 2523 1158 2588 vel
1180 2522 1260 2587 Adi-

7 2627 8 2640 *
110 2631 206 2696 munti
227 2629 424 2696 sententium
446 2626 660 2710 recipiendum
682 2647 750 2692 esse
769 2622 895 2711 putent.
926 2626 1066 2692 Virtutis
1082 2631 1114 2692 et
1129 2649 1260 2693 summae

678 2748 696 2786 ss

109 2838 185 2902 nach
208 2836 447 2906 menschlichen
472 2835 601 2920 dingen,
626 2835 700 2901 oder
722 2835 797 2901 eber
820 2856 852 2900 es
875 2833 946 2898 sind
969 2839 1035 2920 gill,
1059 2837 1125 2900 und
1148 2859 1259 2902 nemen

7 3027 8 3030 Ἴ
107 2940 170 3006 sich
192 2941 426 3008 menschlicher
449 2941 528 3026 ding
550 2963 600 3006 uu.
647 2939 725 3006 Sind
749 2963 792 3005 nu
816 2939 908 3005 keine
930 2943 1003 3025 giit,
1039 2941 1114 3005 oder
1146 2961 1258 3005 nemen

7 3041 8 3118 l
107 3045 149 3110 sie
170 3047 239 3112 sich
261 3067 360 3112 unser
383 3045 488 3111 nichts
510 3069 561 3125 en,
586 3067 620 3110 so
643 3047 721 3132 gilts
743 3046 847 3132 gleich
871 3067 934 3110 wes
949 3045 1007 3110 wir
1028 3046 1140 3111 thund.
1179 3044 1258 3110 Sind

7 3123 9 3166 =
107 3149 179 3216 eber
201 3157 268 3238 ger,
292 3152 360 3216 und
382 3151 484 3217 huben
509 3152 577 3216 suff
596 3173 707 3216 unsere
722 3150 825 3216 werck
848 3151 898 3215 ein
921 3150 1110 3228 euffsehens,
1136 3171 1170 3214 eo
1194 3149 1280 3214 ken·

106 3277 176 3321 men
198 3258 246 3322 sie
265 3257 327 3322 mit
341 3256 444 3342 geben
459 3257 525 3321 und
541 3256 785 3341 breudopfferen
799 3255 972 3320 widerumb
988 3261 1152 3332 versbnen,
1177 3255 1259 3320 denn

108 3359 150 3424 sie
171 3361 245 3426 sind
268 3361 448 3426 vcrsdnliclr
472 3362 537 3428 und
560 3361 719 3438 erbitlich,
744 3360 803 3424 wie
826 3382 900 3426 men
923 3364 1005 3444 segt.

7 3495 8 3544 i
191 3465 249 3532 Dis
272 3465 317 3530 ist
338 3465 390 3530 ein
413 3463 588 3530 Heidnisch
611 3463 786 3550 gespriich,
818 3464 876 3528 wie
906 3463 1102 3549 obengessgt
1125 3462 1261 3547 (wiswol

110 3589 140 3632 ee
159 3570 212 3636 der
234 3569 382 3637 Socrates
404 3569 549 3655 folgends
571 3569 752 3655 widerlegt)
785 3569 859 3634 eber
888 3567 964 3634 umb
989 3567 1048 3632 den
1072 3567 1173 3633 Bebst
1195 3568 1260 3632 und

114 3673 214 3740 seineu
243 3675 378 3761 enheng
410 3674 481 3740 hats
512 3675 590 3740 eben
613 3675 683 3740 eine
705 3673 811 3738 solche
834 3674 960 3759 geetslt.
1007 3671 1101 3737 Denn
1127 3671 1182 3736 het
1205 3673 1259 3736 der

112 3775 179 3862 [53]
201 3779 304 3846 Bebst
326 3779 427 3846 sollen
448 3780 531 3864 from
554 3781 620 3846 und
650 3779 835 3864 euffrichtig
867 3779 949 3857 sein,
983 3799 1018 3842 so
1050 3776 1105 3842 het
1135 3800 1170 3842 er
1198 3778 1258 3842 mit

111 3883 274 3970 prodigere,
298 3885 404 3962 lercn,
436 3884 501 3949 und
524 3885 661 3950 enderen
685 3884 850 3961 diensten,
885 3883 929 3948 ril
951 3877 1045 3946 miihe
1068 3881 1133 3946 und
1156 3881 1260 3946 arbeit

110 3984 226 4068 huben,
262 3988 328 4054 und
362 3989 430 4054 suff
458 3989 552 4056 erden
576 3990 682 4056 nichts
703 3989 860 4075 weniger,
893 3989 976 4054 deun
1001 3987 1080 4052 uecb
1104 3992 1163 4072 gut
1186 3989 1260 4052 oder

110 4089 221 4158 brecbt
243 4092 386 4158 dencken
410 4115 546 4160 musseu.
585 4093 650 4158 Dus
674 4094 716 4158 iet
739 4115 783 4158 nu
807 4092 908 4157 einem
926 4093 1019 4176 jeden
1043 4092 1093 4156 nit
1115 4090 1258 4177 gelegen,

109 4197 224 4263 meinet
246 4221 299 4276 er,
323 4197 380 4264 het
403 4198 555 4264 demnuch
579 4199 645 4264 dise
667 4199 854 4264 'lheoricem
876 4196 1041 4275 Platonis,
1076 4197 1127 4260 ins
1158 4197 1260 4260 werck

7 4355 8 4366 ,
110 4301 173 4364 und
194 4301 340 4386 preeticlr
362 4303 518 4388 gestellet.
564 4302 631 4368 Hel
663 4303 705 4367 im
738 4301 829 4366 einen
863 4300 971 4364 schein
1003 4301 1057 4366 der
1079 4302 1259 4386 gerechtig-

112 4403 179 4470 keil
199 4407 265 4472 und
289 4407 441 4474 iromksit
462 4411 646 4494 engeniest,
668 4407 735 4472 eleo
758 4407 813 4472 des
835 4427 908 4470 rnen
931 4405 1056 4484 nichts,
1080 4406 1164 4470 deun
1187 4405 1260 4470 eitel

167 4525 290 4572 sunau
1020 4511 1053 4570 15
