3172 4958
832 329 874 392 82

277 500 304 564 si
328 499 416 564 arida
438 501 580 566 membre
602 502 672 566 cibo
691 501 862 578 roraverit,
886 523 960 565 mox
983 505 1120 568 curatur.
1167 501 1289 580 Quibus
1312 499 1431 565 auditis

277 605 406 670 doctrici
429 625 526 691 agens
549 607 678 690 gratias,
703 609 738 670 ut
761 605 805 670 sic
827 613 944 691 egeret,
969 607 1077 691 vulpes
1100 608 1224 672 erudita
1245 605 1383 671 secessit.

277 777 390 854 Quod
415 778 565 843 melius
587 779 650 843 sit
672 801 791 865 egere
813 781 949 844 minus
972 803 1090 864 quam
1112 781 1430 866 magishabere.

552 935 606 1001 De
628 937 757 1028 vulpe
779 941 819 1001 et
842 937 981 1014 simia,
1006 959 1072 1021 cap.
1097 938 1153 1002 9¹.

251 1083 263 1120 a
363 1057 478 1124 Jocosa
517 1067 603 1126 veste
635 1061 748 1125 induta
791 1062 883 1124 simia
924 1064 957 1124 et
997 1059 1144 1125 catenula
1174 1059 1316 1137 irretita,
1354 1059 1430 1123 vani

276 1185 346 1230 oum
370 1167 511 1248 corporis
534 1165 705 1230 hincinde
736 1166 898 1230 hilaritate
918 1166 1060 1249 jubilans
1083 1165 1256 1243 exultaret,
1286 1163 1429 1232 cucurrit

276 1273 382 1334 autem
406 1271 465 1334 hoc
487 1271 616 1335 intuens
640 1271 678 1334 ad
703 1293 771 1334 earn
792 1271 966 1354 vulpecula,
991 1293 1061 1354 quaa
1076 1271 1227 1355 gaudiose
1242 1270 1427 1357 gaudiosam

276 1375 419 1440 salutans
447 1379 545 1440 tentae
575 1397 648 1439 mox
675 1377 886 1459 jucunditatis
912 1376 1058 1459 quaesivit
1080 1376 1118 1440 de
1141 1397 1244 1441 causa.
1290 1377 1348 1441 Oui
1371 1373 1429 1438 illa

276 1479 401 1563 quidem
426 1480 527 1544 adhue
549 1480 647 1545 animi
672 1479 856 1545 modicitate
878 1479 1008 1544 feminei
1031 1502 1211 1544 memorans
1233 1479 1343 1543 derisae
1365 1501 1427 1542 nu-

237 1584 387 1648 ruditatis
411 1584 560 1667 injuriam
586 1588 786 1660 retroactam,
809 1585 905 1647 simul
929 1607 999 1648 cum
1017 1584 1254 1648 reminiscentia
1276 1586 1352 1648 nata
1368 1583 1427 1662 ira,

276 1690 370 1766 vade,
404 1689 527 1772 inquit,
560 1693 595 1750 tu
628 1689 704 1752 olim
728 1689 864 1752 derisisti
890 1689 1066 1754 nuditatem
1092 1711 1194 1753 meam
1217 1687 1267 1752 vel
1289 1709 1429 1772 pauper·

276 1797 385 1872 tatem,
409 1795 532 1858 intuere
557 1815 640 1857 nunc
656 1793 799 1877 gloriam,
825 1794 975 1875 quoniam
999 1795 1158 1877 usquead
1176 1815 1226 1857 me
1242 1793 1427 1857 divitiarum

275 1897 501 1962 exundantiam
525 1897 737 1961 humanarum
761 1918 824 1960 non
848 1898 954 1962 minus
977 1897 1112 1962 feliciter
1136 1919 1231 1980 quam
1252 1896 1430 1961 liberaliter

275 2002 376 2066 duleis
400 2001 473 2065 fluit
495 2001 636 2066 fontana.
684 2003 732 2065 Ad
765 2003 832 2066 haec
861 2002 1029 2066 confestim
1062 2003 1191 2086 vulpes,
1220 2006 1258 2065 ut
1289 2001 1430 2066 inaniter

237 2126 262 2164 11
275 2110 502 2170 tumescentem
526 2107 683 2170 minueret
713 2128 748 2170 ac
780 2105 1015 2189 superbientem
1047 2107 1162 2170 leniter
1193 2107 1331 2190 pondere
1353 2127 1429 2169 sen·

275 2209 385 2274 tentiae
407 2209 592 2288 inclinaret,
624 2211 669 2274 sio
691 2210 887 2294 respondisse
909 2209 1044 2274 dicitur:
1077 2210 1147 2274 osi
1168 2213 1201 2274 te
1224 2208 1348 2273 felicem
1380 2208 1430 2272 fe-

276 2314 378 2392 licius,
402 2315 435 2378 in
459 2336 550 2397 quem
576 2335 672 2398 opum
695 2313 829 2378 rationis
853 2318 884 2377 et
908 2313 1198 2398 circumspectionis
1221 2312 1354 2377 decursu
1377 2335 1429 2378 res

275 2421 414 2484 humana
437 2419 637 2504 contingeret
665 2424 697 2483 et
723 2418 802 2482 foris
826 2441 890 2482 non
915 2418 1030 2502 pellem
1054 2419 1145 2484 decor
1168 2419 1340 2502 opulentiae
1373 2417 1429 2482 sed

275 2525 424 2608 splendor
447 2523 612 2608 sapientiae
634 2524 721 2587 intus
744 2523 988 2587 aestimationem
1005 2525 1142 2600 ornaret,
1166 2545 1203 2587 ac
1217 2527 1249 2586 te
1265 2521 1428 2587 infelicem

236 2650 261 2687 ro
275 2628 309 2691 in
333 2629 483 2692 felicitate
506 2627 718 2711 prospiceres,
745 2627 778 2690 iu
802 2627 861 2692 hoc
883 2626 950 2692 fore
973 2625 1086 2710 opibus
1108 2627 1237 2712 inopem
1255 2627 1425 2712 judicares⁴

274 2731 511 2797 Vestimentum
535 2729 618 2793 enim
643 2735 877 2814 praeterquam
901 2733 984 2815 quod
1008 2737 1120 2796 catena
1142 2754 1178 2796 ac
1200 2732 1294 2816 cippo
1316 2736 1428 2796 teneat

275 2842 307 2899 te
337 2841 370 2899 et
400 2836 574 2919 privatam,
606 2857 669 2917 qua
699 2835 823 2901 nullum
853 2841 909 2900 aut
939 2835 1078 2900 divinius
1105 2840 1161 2900 aut
1186 2835 1313 2900 suavius
1336 2835 1427 2901 dixe·

274 2941 346 3017 rim,
371 2940 517 3003 libertate
534 2939 728 3022 liberamque
744 2940 896 3004 cervicem
912 2941 1130 3025 captivaverit,
1154 2941 1281 3004 evidens
1304 2944 1352 3004 est
1373 2941 1427 3005 in·

274 3044 424 3129 digentise
446 3049 679 3127 argumentum.
726 3044 871 3128 Namque
899 3049 977 3109 nata
1008 3044 1154 3109 foeditate
1185 3044 1341 3110 nuditatis
1361 3046 1426 3110 nisi

235 3169 260 3206 aa
274 3148 458 3224 tabesceres,
482 3147 622 3231 profecto
645 3171 707 3232 quo
731 3172 816 3213 nunc
838 3149 940 3213 derisa
959 3148 1051 3227 rides,
1075 3171 1238 3234 sperneres
1255 3150 1425 3214 indumen-

274 3257 352 3317 tum.
385 3250 501 3315 Nonne
517 3252 643 3330 audisti,
667 3255 749 3336 quod
766 3253 869 3318 Adam
888 3253 925 3316 in
941 3252 1077 3336 paradisi
1093 3252 1214 3317 deliciis
1234 3254 1428 3321 constitutus

274 3378 464 3441 quamquam
489 3357 610 3434 nudus,
635 3357 724 3420 nullo
752 3361 859 3420 tamen
882 3379 977 3442 egens
1001 3362 1070 3420 erat
1092 3356 1282 3436 ditissimus,
1316 3379 1427 3424 verum

274 3467 442 3546 postquam
476 3463 624 3526 subactus
659 3462 794 3526 avaritia
824 3463 980 3525 virtutum
1012 3461 1114 3545 gloria
1151 3465 1199 3526 est
1237 3463 1425 3546 denudatus,

275 3565 350 3630 hinc
374 3570 514 3650 egestate
538 3565 614 3630 hinc
635 3567 809 3651 eupiditate
831 3565 1051 3650 pauperrimus
1073 3567 1127 3649 pic
1149 3566 1209 3632 Dei
1224 3569 1428 3652 providentia

234 3693 260 3729 so
275 3693 347 3735 mox
376 3671 529 3735 induitur.
576 3671 636 3735 Sed
667 3694 737 3736 cum
769 3671 923 3735 naturalis
954 3671 997 3735 sit
1031 3668 1195 3754 opulentia
1227 3693 1291 3737 non
1324 3697 1427 3760 egere,

274 3775 450 3840 artificialis
465 3775 591 3857 quidem
608 3779 666 3852 est,
683 3797 746 3858 quo
762 3774 972 3860 indigentiam
989 3775 1145 3859 suppleas,
1161 3775 1222 3841 hoe
1237 3777 1361 3858 babere,
1377 3779 1427 3843 vi·

274 3880 362 3945 tialis
386 3883 491 3943 autem
515 3877 694 3943 vitalibus²
718 3901 780 3942 non
806 3883 914 3944 tamen
937 3879 1121 3944 necessariis
1145 3879 1288 3961 affluere,
1320 3887 1353 3947 11
1381 3883 1427 3946 si·

273 3985 392 4047 militer
401 3987 570 4066 paupertas
579 3988 627 4047 est
636 3989 767 4061 naturae,
776 3984 938 4070 indigere,
951 3986 1088 4050 fortunae
1097 3986 1224 4069 quidem
1239 3987 1330 4065 hano,
1343 3987 1427 4054 unde

273 4089 437 4172 suppleas,
469 4088 678 4172 indigentiam
702 4109 767 4152 non
790 4088 922 4168 habere,
947 4091 1089 4154 avaritiae
1112 4112 1185 4154 vero
1208 4112 1332 4176 semper
1353 4091 1426 4176 plus

235 4214 260 4252 aa
276 4214 397 4277 cupere.
448 4191 481 4255 Si
505 4193 640 4277 amplius
663 4193 770 4271 habes,
794 4198 850 4258 aut
873 4217 909 4259 eo
933 4195 1058 4281 indiges
1081 4197 1211 4260 autnon
1235 4195 1370 4281 indiges,
1392 4201 1426 4260 et

838 4297 856 4335 *

345 4381 356 4434 1
379 4379 412 4433 In
430 4379 457 4434 d.
476 4397 554 4450 anag.
577 4397 602 4435 v.
624 4383 706 4436 1630:
726 4381 766 4436 dt.
786 4399 807 4435 c.
827 4385 856 4436 9:
877 4385 917 4448 10,
936 4401 963 4437 11.
984 4387 1030 4438 10:
1050 4389 1075 4440 9.
1121 4385 1279 4443 2111111111
1297 4387 1423 4444 utilibus.
