3172 4958
279 1287 280 1292 ’
383 1289 504 1376 Incipit
525 1290 636 1356 tabula
657 1292 757 1356 totius
780 1290 857 1355 libri
879 1293 912 1355 et
934 1291 1038 1376 primo
1061 1291 1166 1374 primi.

194 1413 311 1482 Semper
327 1411 401 1468 disce
419 1415 448 1468 et
465 1413 496 1468 in
514 1413 644 1470 extremis
662 1412 737 1470 horis
756 1429 865 1483 semper
884 1411 972 1468 stude.
994 1413 1016 1468 1.

194 1499 278 1554 Nihil
295 1499 348 1554 sibi
364 1501 447 1558 homo
466 1503 508 1556 eet
526 1501 585 1556 sine
603 1499 751 1570 sapientia.
773 1501 797 1554 2.

195 1587 351 1644 Prudentia
371 1606 439 1644 vera
457 1590 506 1652 est,
524 1606 586 1658 qua
605 1587 795 1658 simplicitatis
808 1586 969 1644 innocentia
986 1587 1141 1644 decoratur.
1161 1587 1185 1642 3.

168 1697 183 1736 s
196 1675 239 1731 De
256 1674 416 1731 melioribus
434 1675 517 1730 rebus
535 1677 578 1731 est
595 1676 638 1730 uti
651 1675 840 1746 providentia,
858 1693 915 1744 qua
927 1693 976 1732 suo
988 1675 1049 1732 loco
1067 1677 1096 1730 et
1109 1677 1235 1745 tempore
1247 1673 1348 1730 cuncta

267 1780 376 1834 quaeras
393 1765 423 1820 et
440 1764 535 1820 facias.
554 1767 580 1818 4.

196 1850 290 1907 Donec
306 1851 435 1906 mortalis
454 1869 490 1918 as,
508 1851 579 1906 time
596 1851 699 1921 ubique
718 1853 747 1905 et
765 1867 881 1922 semper.
899 1854 924 1908 5.

197 1938 277 2004 Vide,
294 1939 394 2011 pedem
412 1939 457 1994 oui
474 1939 591 2004 tribuas,
611 1940 639 1994 et
656 1938 686 1994 in
704 1938 887 1996 securioribus
906 1937 1014 1994 dubita.
1033 1939 1058 1992 6.
1101 1955 1104 1966 “

197 2026 310 2096 Semper
329 2042 390 2080 cum
411 2028 474 2083 tuto
493 2043 576 2083 onere
594 2029 623 2082 et
641 2026 721 2082 suavi
739 2027 921 2096 protectionis
936 2028 1007 2097 jugo
1025 2023 1153 2096 possibili
1169 2039 1261 2095 perge.
1281 2027 1305 2079 7.

157 2133 184 2172 ro
199 2112 265 2166 'lina
282 2113 341 2182 spei
359 2129 491 2168 ancoram
508 2113 539 2166 in
558 2111 637 2168 bonis
655 2112 799 2183 perpetuis
817 2115 932 2168 tantum
949 2113 1012 2182 fige.
1031 2114 1055 2168 8.

198 2201 315 2256 AEterna
332 2200 482 2258 dumtaxat
501 2200 589 2279 dilige
606 2203 636 2256 et
653 2217 798 2270 nunquam
817 2199 930 2258 dolebis.
950 2202 976 2255 9.

198 2287 254 2342 Ubi
270 2288 363 2343 muita
380 2292 447 2343 sunt
465 2288 589 2352 consilia,
608 2286 649 2342 ibi
667 2287 750 2342 salus.
771 2290 812 2342 10.
1210 2339 1214 2346 .

198 2374 380 2446 Diligentiori
397 2376 586 2432 ruminatione
605 2376 700 2432 omnia
718 2375 838 2445 digeras,
854 2373 1021 2446 ,priusquam
1038 2389 1118 2444 agae.
1137 2374 1178 2429 11.

198 2463 233 2518 In
251 2461 379 2519 omnibus
398 2463 531 2520 ordinata
548 2463 695 2533 gravitate
712 2462 837 2533 procede.
860 2463 900 2518 12.

156 2570 183 2608 re
197 2550 242 2606 ad
261 2549 432 2606 audiendum
450 2551 538 2616 velox,
552 2551 595 2620 ¹ad
614 2550 781 2606 eredendum
800 2549 837 2604 eis
855 2549 963 2605 tardus.
984 2551 1025 2604 13.

198 2636 326 2704 Quietem
343 2638 445 2692 mentis
462 2637 550 2708 dilige
569 2641 598 2692 et
619 2637 708 2694 otium
727 2639 801 2709 fuge.
822 2641 862 2692 14.

195 2725 299 2782 Doctus
316 2725 429 2795 loquere
447 2728 476 2781 ct
494 2725 651 2782 custodiam
668 2724 773 2781 adhibe
790 2725 903 2796 lingua,
923 2725 960 2780 sis
973 2741 1076 2780 avarus
1094 2722 1181 2779 verbi.
1202 2723 1242 2778 15.

195 2811 247 2868 Dic
264 2829 330 2869 vore
348 2812 427 2868 tenni
445 2815 474 2868 et
492 2830 546 2883 age
564 2815 629 2869 actu
647 2813 760 2884 grandi.
783 2815 823 2869 16.

196 2899 325 2957 Gloriosa
344 2903 386 2956 est
403 2900 575 2972 prosperitas
593 2903 749 2958 moderata.
771 2903 811 2958 17.

156 3009 183 3047 ao
197 2988 347 3044 Neminem
363 3003 485 3058 spernas,
504 2989 552 3044 sed
570 2989 719 3058 unicnique
738 2989 867 3045 debitum
884 2991 1019 3047 honorem
1036 2987 1191 3060 impendas.
1213 2987 1253 3042 le.

196 3077 263 3133 Esto
282 3075 387 3131 amicus
405 3076 519 3137 eunetis,
537 3075 654 3130 intimus
672 3077 776 3147 paucis,
795 3076 971 3132 fidelissimus
991 3076 1136 3132 universis.
1158 3077 1200 3131 19.

197 3163 253 3218 Uni
270 3162 437 3220 electissimo
455 3166 577 3229 tantum,
597 3181 659 3218 eum
678 3181 786 3220 necesse
804 3165 898 3229 fuerit,
917 3167 1014 3236 pectus
1032 3164 1120 3220 crede.
1139 3165 1182 3217 20.

196 3250 314 3306 Omnem
331 3251 533 3308 adversitatem
551 3254 583 3305 nt
602 3249 712 3316 vineas,
730 3251 876 3322 patientiae
894 3254 924 3306 te
942 3252 1033 3308 vallet
1050 3249 1282 3321 magnanimitas.
1301 3249 1346 3303 21.

196 3337 289 3408 Magis
306 3354 414 3408 semper
432 3341 543 3408 partem
561 3338 755 3395 misericordie
774 3343 880 3394 teneas.
899 3341 942 3394 22.

156 3445 183 3484 ae
196 3425 226 3482 Si
243 3442 413 3496 quemquam
430 3426 584 3490 offenderis,
603 3443 720 3497 pavesce
738 3443 846 3496 semper
863 3426 1034 3497 hujusmodi.
1053 3425 1097 3480 23.

197 3513 267 3568 (ium
286 3513 374 3570 electo
392 3513 464 3570 rocio
483 3514 664 3585 proficiscaris
684 3516 735 3570 aut
753 3515 932 3570 converseris.
951 3517 994 3570 21.

197 3605 231 3659 [n
248 3602 354 3658 mactis
371 3605 431 3658 esto
449 3601 624 3674 compositus.
644 3603 686 3658 25.

196 3691 230 3744 in
248 3689 328 3746 bonis
346 3707 456 3746 summa
473 3689 634 3747 constantia
650 3691 680 3745 te
698 3689 850 3746 confirmet.
871 3689 913 3744 26.

197 3777 231 3832 iu
248 3776 321 3834 bono
338 3777 451 3834 nomine
468 3777 607 3832 virtutum
625 3778 775 3848 tetragono
793 3793 901 3848 semper
920 3776 992 3848 vige.
1011 3777 1055 3832 21.

157 3969 183 4009 eo
196 3936 361 4022 Incipiunt
383 3937 522 4023 capitula
544 3937 672 4002 secundi
694 3936 771 4001 libri
803 3936 841 4001 de
869 3937 920 4002 his
955 3958 1025 4023 quae
1055 3940 1130 4004 sunt
1162 3939 1274 4002 eontra
1295 3956 1348 4000 su-

696 4041 848 4127 perbiam.

197 4165 239 4220 De
256 4165 329 4222 bono
346 4162 519 4220 humilitatis
538 4164 567 4218 et
585 4161 661 4218 malo
679 4159 824 4232 superbie.
846 4162 869 4216 1.

198 4253 373 4321 contremo,
391 4251 441 4322 qui
458 4251 603 4323 superbire
619 4250 786 4322 incipientes
804 4247 949 4304 inflantur.
968 4251 995 4305 2.

198 4338 304 4396 Contra
321 4355 376 4407 eos,
393 4338 442 4410 qui
460 4338 627 4411 dignificant
645 4355 674 4394 se
690 4336 829 4394 maximis.
851 4337 877 4392 8.
947 4373 950 4379 -
