3172 4962
660 294 719 358 187

110 487 184 532 cum
208 465 312 530 alieno
334 465 427 532 melo.
472 463 560 531 Sicut
582 466 628 532 ait
651 464 770 532 datho:
795 465 913 532 malum
935 467 1032 533 vicini
1053 467 1103 533 tui
1118 472 1151 534 te
1166 468 1263 536 cesti-
1400 483 1404 491 ·

110 576 177 657 get.
224 571 268 635 ut
292 569 425 636 Seneca:
448 570 566 636 bonurn
589 574 637 636 est
657 571 809 657 fugiende
824 571 983 657 adspicere
999 573 1031 636 in
1049 573 1152 638 alienu
1167 575 1261 671 prelo.

111 675 222 740 Idem:
254 697 292 740 ex
323 675 399 740 vitio
431 674 562 739 alterius
594 676 719 759 sapiens
750 675 896 740 emendat
927 697 1028 740 suum.
1083 677 1175 743 Unde
1209 678 1264 743 ille

112 781 241 865 sapiens
264 784 328 858 est,
361 779 417 864 qui
444 780 524 845 bene
546 779 607 844 scit
630 780 758 864 negotia
781 802 838 845 suu
860 779 1027 864 disponere
1050 786 1082 845 et
1104 804 1160 867 per
1183 783 1263 847 elio·

83 907 186 949 erum
210 883 387 968 exemplum
409 883 472 948 eibi
494 905 668 968 praeesvere
690 883 831 949 amalis.
880 883 978 948 Prout
1009 886 1107 949 refert
1131 885 1263 970 Esopus‚

112 990 199 1074 quod
230 989 358 1074 quidam
388 989 436 1053 leo
465 988 655 1053 industriose
689 988 875 1054 debilitatus
910 992 979 1053 erat
1012 990 1197 1056 recumbens
1230 992 1264 1055 in

112 1117 303 1172 caucasus,
335 1094 374 1159 ad
396 1115 489 1176 quem
515 1093 684 1158 veniebant
706 1093 837 1171 bestiae.
868 1097 905 1158 ut
927 1093 1096 1160 visitarent
1119 1117 1210 1174 eum,
1233 1101 1266 1161 et

113 1203 189 1266 dum
206 1200 499 1284 appropinquarent
515 1198 554 1263 ed
570 1219 651 1274 eum,
675 1197 820 1280 rapiebat
836 1202 867 1262 et
883 1197 1004 1263 edebat.
1044 1198 1143 1264 Venit
1157 1204 1264 1264 eutem

114 1306 154 1370 ad
178 1305 328 1370 ultimum
350 1304 458 1387 vulpes
481 1325 575 1368 causa
596 1303 807 1380 visitationis,
832 1307 920 1367 stans
943 1302 1059 1368 deforis
1082 1304 1122 1369 ad
1139 1309 1265 1390 portam

72 1431 228 1488 messem,
253 1407 386 1475 timebat
401 1409 486 1472 enim
503 1407 758 1492 appropinquare
781 1407 874 1472 leoni.
922 1405 980 1472 Cui
1004 1408 1070 1473 leo:
1097 1409 1168 1472 veni
1192 1410 1265 1488 huc,

114 1536 313 1593 soresmos,
346 1519 383 1578 ut
411 1517 505 1599 grate
535 1513 654 1596 possim
687 1516 790 1577 tecum
823 1513 952 1576 miscere
985 1512 1153 1597 colloquia.
1207 1513 1267 1579 cui

115 1619 240 1704 vulpes:
266 1619 355 1684 video
374 1619 500 1703 quidem
516 1617 652 1703 vestigia
664 1617 865 1695 intrantium,
889 1617 941 1682 sed
958 1617 1156 1684 redeuntium
1177 1619 1267 1683 nullo

23 1735 29 1750 '
117 1747 243 1808 possum
269 1724 382 1788 videre.

380 1898 435 1965 De
457 1902 609 1987 regine
630 1904 671 1965 et
693 1900 839 1985 hydro,
863 1901 936 1967 dial.
961 1905 1012 1967 45.

78 2061 106 2099 1⁶
207 2042 331 2126 Regius
347 2045 396 2106 est
411 2041 506 2124 piscis
520 2063 748 2125 squammosus,
767 2041 821 2126 qui
838 2042 872 2105 iu
886 2040 1070 2106 fluminibus
1086 2039 1220 2124 capitur,
1236 2019 1268 2104 et

121 2146 238 2211 dicitur
260 2169 279 2211 a
300 2167 387 2231 rego,
409 2146 509 2231 regis,
533 2145 609 2229 quio
629 2145 720 2210 valde
743 2167 776 2209 se
798 2145 878 2210 bene
900 2146 993 2230 regit.
1040 2145 1091 2209 nd
1113 2145 1195 2209 hanc
1218 2166 1268 2209 re·
1318 2135 1323 2143 ²

120 2254 229 2338 ginam
252 2251 405 2337 processit
427 2250 556 2336 hydrus,
581 2251 634 2334 qui
658 2257 707 2316 est
728 2271 856 2334 serpens
879 2271 1015 2335 aquosus
1037 2248 1157 2313 habene
1176 2247 1269 2331 plurs
1373 2234 1377 2246 ¹
1505 2245 1509 2254 ’

119 2357 234 2441 cupita,
257 2361 289 2422 et
311 2356 372 2421 ait:
395 2357 541 2442 oregine
563 2355 785 2439 pulcherrima,
809 2379 842 2421 es
864 2356 945 2420 mihi
968 2375 1033 2439 prae
1049 2353 1196 2418 omnibus
1219 2353 1267 2418 di·

120 2464 219 2530 lecta!
248 2463 364 2528 idcireo
387 2463 458 2527 volo
481 2482 531 2527 me
553 2465 656 2526 tecum
680 2461 793 2527 sociari
817 2483 853 2526 oo
876 2461 909 2524 in
931 2459 1081 2545 conjugio
1103 2457 1268 2523 matrimo-

83 2588 108 2626 so
122 2568 204 2633 niori
228 2569 358 2652 ideoque
380 2567 591 2633 amicabiliter
614 2568 705 2632 venio
728 2568 766 2633 ad
790 2572 831 2632 te.
878 2566 935 2631 cui
959 2564 1084 2651 regine:
1107 2563 1169 2632 hoe
1183 2564 1268 2628 enim

121 2674 191 2738 fieri
214 2695 277 2738 non
301 2677 415 2756 potest,
441 2673 515 2756 quie
536 2693 601 2737 non
626 2675 785 2751 convenit,
808 2672 963 2757 scriptum
987 2675 1035 2736 est
1050 2670 1135 2734 euim
1151 2668 1270 2734 Eccles.

120 2776 218 2842 X111⁰
242 2799 334 2844 omne
356 2777 475 2842 animal
498 2779 605 2862 diligit
627 2778 731 2843 simile
753 2779 824 2856 sibi,
849 2778 894 2843 sic
916 2781 949 2842 et
966 2775 1069 2842 omnis
1086 2777 1181 2840 homo
1196 2794 1270 2858 pro-

121 2883 240 2947 ximum
263 2882 334 2947 sibi.
381 2881 492 2946 Omnis
516 2901 589 2946 esre
612 2881 652 2945 ed
675 2881 813 2946 similem
836 2881 898 2946 sibi
921 2881 1132 2966 conjungetur
1155 2882 1188 2944 et
1202 2899 1270 2942 om·

23 2985 26 2992 ⁴
121 2989 172 3054 nis
205 2988 299 3053 homo
330 2987 443 3052 similis
474 2985 537 3051 sibi
567 2986 749 3052 sociabitur.
801 2985 888 3073 Ergo
919 2986 995 3070 quia
1025 3007 1090 3050 non
1119 3005 1151 3048 es
1173 2987 1209 3049 tu
1233 2982 1272 3046 de

83 3113 108 3152 π
122 3116 237 3181 genere
270 3114 356 3170 meo,
391 3113 553 3176 nunquam
582 3095 619 3156 tu
643 3113 763 3157 meeum
786 3090 964 3156 sociaberis.
1012 3089 1140 3174 Hydrus
1166 3093 1271 3153 autem

123 3199 243 3264 derisus
267 3202 362 3283 atque
384 3197 532 3281 deceptus
555 3197 725 3261 revertitur
748 3197 869 3262 dicens:
901 3217 971 3260 sum
995 3194 1143 3260 confusus
1166 3196 1198 3258 et
1221 3213 1271 3257 re-

119 3304 231 3387 peetus,
255 3307 384 3388 propter
407 3301 489 3387 quod
513 3323 676 3384 nunquam
691 3322 743 3366 ero
758 3301 859 3365 laetus.
905 3299 956 3365 Sic
972 3298 1107 3384 quilibet
1123 3297 1271 3362 christia-

124 3430 182 3473 nus
205 3408 391 3492 respondere
404 3407 496 3472 debet
511 3406 647 3484 diabolo,
672 3408 725 3490 qui
749 3410 797 3471 est
812 3426 941 3490 serpeus
956 3405 1108 3499 antiquus
1123 3401 1269 3468 callidior

124 3513 246 3578 cunetis
269 3511 504 3588 animantibus,
536 3533 606 3595 qum
632 3511 692 3576 sub
713 3511 792 3576 coelo
813 3514 897 3575 suut.
945 3507 1023 3574 Gen.
1048 3505 1132 3572 111⁰:
1164 3507 1272 3572 recede

85 3637 144 3682 sce
166 3638 234 3694 me,
267 3616 416 3699 quoniam
445 3637 510 3680 non
539 3638 572 3681 es
600 3622 636 3681 tu
658 3615 696 3681 de
719 3637 834 3703 genere
856 3637 941 3695 meo,
973 3613 1004 3678 id
1027 3618 1077 3678 est
1099 3612 1137 3679 de
1158 3633 1273 3698 genere
1333 3643 1335 3650 ·

124 3722 306 3787 electorum.
354 3718 778 3797 Quia,sieuc‹1ieitusze.
804 3719 885 3786 IV⁰:
918 3719 1057 3785 resistite
1085 3717 1209 3782 disbolo
1242 3719 1275 3780 et

124 3826 227 3914 fugiet
248 3848 268 3890 a
290 3824 388 3890 vobis.
435 3824 478 3890 Et
500 3827 681 3910 spostolus:
711 3830 811 3890 estote
840 3846 916 3910 ergo
948 3825 1044 3889 fortes
1078 3823 1112 3886 in
1137 3821 1220 3887 bello
1242 3823 1275 3884 et

126 3933 265 4018 pugnate
287 3952 359 3995 eum
382 3930 515 4014 entique
538 3935 693 4016 serpente.
741 3929 887 4016 Pugnare
909 3951 984 4015 ergo
1000 3930 1148 3995 debemus
1163 3929 1276 3992 eontra

64 4047 68 4062 ’
125 4059 213 4114 eum,
246 4036 302 4120 qui
324 4034 438 4100 debilis
460 4034 683 4099 resistentibus
715 4038 780 4112 est,
811 4037 907 4118 prout
937 4034 1015 4098 dicit
1047 4032 1206 4097 Isidorus:
1240 4029 1275 4094 in

87 4142 224 4206 seculis
248 4141 423 4206 carnalium
446 4139 590 4205 diabolus
613 4138 765 4202 terribilis
788 4141 852 4215 est,
885 4139 918 4202 in
943 4137 1041 4204 oculis
1064 4159 1138 4203 vero
1160 4137 1275 4202 eleeto·
1347 4121 1351 4132 ⁸

125 4270 195 4311 rum
219 4251 322 4311 terror
344 4245 410 4328 ejus
434 4245 506 4309 vilis
529 4249 585 4308 est.
632 4243 733 4308 Prout
745 4243 863 4329 legitur
880 4243 914 4308 in
928 4242 1014 4307 Vitis
1030 4247 1168 4326 petrum,
1192 4240 1275 4324 qnod

126 4353 253 4441 quidam
276 4349 375 4420 frater
398 4371 541 4416 reversus
572 4349 613 4415 sd
634 4348 771 4414 seculum
794 4348 941 4413 omnibus
964 4347 1096 4436 flagitiis
1128 4349 1161 4414 et
1182 4345 1276 4410 luxu·
