3172 4958
804 345 846 408 70

251 516 404 603 graditur,
428 517 588 600 quoniam,
610 515 819 602 undecunque
836 516 997 602 contingit
1018 514 1201 593 humiditas,
1224 515 1256 579 vi
1279 512 1396 580 caloris

251 623 403 706 rapientis
428 622 582 687 hauritur.
629 623 772 688 Tertium
785 619 912 706 quidem
927 625 985 699 est,
1008 621 1090 686 nihil
1107 640 1246 703 unquam
1261 619 1390 684 donare.

251 725 299 790 Ex
322 747 357 791 eo
381 749 517 811 namque
535 750 659 792 sursum
682 728 843 794 altissima
868 726 995 791 arbores
1016 727 1198 810 rapiuntur,
1221 725 1297 808 quia
1318 724 1398 788 foris

251 831 382 896 minime
405 831 611 896 effunduntur
643 833 678 896 in
713 831 881 915 fructum,¹
906 835 1000 914 atque
1023 831 1212 895 intestinum
1242 828 1401 913 jejunium

225 953 375 1020 rsemper
396 957 529 1000 vacuum
545 939 594 1000 est
609 958 655 1014 eo,
679 937 761 1019 quod
785 933 861 999 chili
874 955 946 999 mox
969 939 1027 1013 est,
1051 955 1122 1000 cum
1146 933 1327 1017 susceperit,
1350 933 1400 998 ef-

251 1040 397 1107 fusivum.
459 1025 617 1106 Ultimum
654 1062 728 1106 vero
768 1040 817 1105 est
838 1040 952 1105 timore
985 1039 1122 1105 sollicito
1154 1059 1278 1123 semper
1306 1042 1403 1121 parta

251 1165 384 1210 servare.
430 1143 541 1212 Plures
564 1145 649 1210 enim
672 1145 731 1210 etsi
755 1167 819 1210 non
836 1145 930 1221 datis,
951 1143 1129 1230 negligenti
1144 1148 1253 1208 tamen
1270 1141 1402 1208 audacia

250 1249 382 1334 perditis
405 1251 524 1316 divitiis
547 1254 727 1316 caruerunt.
774 1249 887 1316 Audax
917 1271 1055 1334 namque
1083 1270 1163 1334 pavo
1186 1247 1318 1314 caudrun
1342 1269 1401 1312 an·

250 1375 337 1419 ream
368 1355 506 1439 perdidit
538 1360 569 1420 et
599 1355 730 1440 pavidus
759 1355 849 1438 lepus
878 1350 993 1439 pellem
1024 1353 1186 1439 propriam
1219 1351 1400 1418 custodivit

213 1476 238 1514 1⁰
252 1458 329 1524 Haec
350 1460 467 1546 igitur,
499 1460 599 1526 frater
622 1461 683 1539 mi,
716 1463 842 1544 oportet
872 1459 1042 1544 diligenter
1065 1479 1207 1536 servare,
1239 1458 1266 1522 si
1289 1457 1403 1521 mundi

251 1563 346 1648 hujus
369 1563 497 1630 divitias
519 1565 608 1650 cupis
629 1565 800 1650 acquirere,
830 1565 976 1630 videlicet
997 1567 1035 1628 ut
1057 1565 1100 1628 sis
1123 1585 1248 1648 semper
1269 1563 1403 1648 cupidus

249 1667 401 1752 ejusmodi
426 1669 612 1748 affectando
639 1670 798 1735 violentus
821 1671 854 1733 in
880 1669 1042 1753 rapiendo,
1066 1691 1177 1734 avarus
1193 1670 1227 1733 in
1250 1667 1402 1746 tenendo,

154 1779 165 1793 “
251 1772 381 1837 timidus
391 1773 423 1837 in
437 1775 598 1839 servando.
630 1772 694 1837 Ubi
704 1777 809 1839 autem
819 1772 1003 1838 haecoorvus
1016 1773 1147 1853 audivit,
1164 1773 1318 1858 digestam
1328 1793 1403 1837 sen·

251 1877 386 1942 tentiam
408 1877 577 1942 confestim
598 1877 750 1962 protulit:
782 1899 801 1942 o
833 1883 917 1944 certe
950 1877 1177 1944 infelicissimas
1204 1879 1404 1962 paupertatis

214 1999 239 2038 ιο
252 1980 380 2046 fallaces
403 1981 581 2046 mundiales
603 1982 731 2048 divitiae
764 1985 797 2046 et
826 1981 914 2070 omui
947 2003 1017 2047 cum
1047 1983 1152 2046 studio
1175 1981 1329 2066 sapientis
1349 1981 1404 2066 ju·

254 2084 335 2149 dicio
360 2084 579 2150 detestandas!
603 2085 741 2162 Quarum
764 2086 916 2151 nimirum
938 2085 1066 2151 dilectio
1089 2085 1245 2170 cupiditas
1267 2089 1324 2162 est,
1349 2107 1403 2150 ac·

253 2188 384 2272 quisitio
406 2189 573 2272 rapacitas,
598 2191 752 2275 possessio
774 2190 975 2255 illiberalitas
997 2193 1030 2254 et
1053 2191 1250 2255 conservatio
1278 2190 1404 2254 timidi·

253 2297 303 2358 tas
325 2297 373 2358 est
395 2292 562 2359 horrenda.
609 2294 669 2360 Sed
693 2294 769 2378 quid
793 2293 968 2378 cupiditate
991 2295 1177 2359 scelestius?
1203 2293 1285 2369 Quid
1308 2317 1404 2379 rapa-

255 2399 351 2463 citate
373 2397 516 2481 iniquius
546 2419 582 2463 ae
612 2398 832 2464 illiberalitate
864 2397 1041 2462 difformius
1072 2419 1109 2464 ac
1138 2397 1312 2462 timiditate
1333 2419 1404 2463 mo-

216 2519 242 2558 ’.ο
253 2503 389 2568 lustina?
412 2501 534 2586 Sperne
556 2503 594 2566 de
618 2505 732 2568 cetero
753 2502 975 2568 immoderatas
999 2502 1136 2580 divitias,
1164 2499 1262 2567 Oroesi
1286 2507 1318 2568 et
1340 2501 1405 2566 As·

254 2607 320 2672 veri
342 2627 438 2690 opum
460 2608 623 2692 magnalia
648 2612 680 2673 et
710 2612 799 2673 scuta
820 2606 952 2692 repudio
975 2627 1069 2671 aurea
1090 2605 1278 2674 Salomonis.
1323 2607 1405 2672 Meae

254 2709 381 2793 quidem
404 2709 524 2774 divitiae
546 2731 627 2776 verae
648 2714 739 2789 suut,
771 2712 839 2776 siue
867 2710 1042 2796 cupiditate
1065 2711 1226 2795 quietum,
1260 2712 1327 2777 sinc
1351 2733 1404 2776 ra-

253 2813 393 2896 pacitate
411 2815 543 2897 justum,
567 2816 636 2880 sine
656 2815 873 2880 illiberalitate
887 2816 1072 2901 benignum,
1095 2814 1214 2899 absque
1229 2815 1405 2882 timiditate

254 2937 397 2982 securum
420 2939 470 2982 me
491 2920 662 3004 possidere!
687 2918 751 3007 Sic,
774 2919 923 3003 adjuncto
944 2919 1022 3000 vale,
1047 2917 1198 2986 discessit.

221 3140 246 3180 2⁶
421 3125 528 3203 Quod
550 3127 693 3212 cupidi
715 3132 983 3192 terrenorum
1005 3131 1103 3192 sunt
1125 3128 1231 3193 caeci.

463 3299 521 3367 De
541 3303 663 3386 talpa
684 3306 834 3368 contra
855 3306 1053 3380 usturam,
1077 3321 1144 3386 cap.
1169 3305 1198 3366 2.

341 3437 407 3504 Sub
429 3439 564 3504 terrenis
585 3438 730 3505 latibulis
754 3461 825 3506 eum
849 3439 938 3524 talpa
959 3437 1108 3504 fodiendo
1131 3439 1338 3534 discurreret,
1368 3441 1404 3506 in

255 3542 377 3608 occulto
400 3544 556 3608 meditans
579 3545 703 3627 quiete,
737 3544 956 3610 fabrefactrice
989 3565 1095 3609 rerum
1119 3547 1234 3608 natura
1263 3545 1404 3626 iuventa,

255 3644 338 3711 hauc
359 3667 539 3730 proponens
561 3648 790 3730 querimoniam
815 3649 897 3712 dixit
919 3647 982 3712 illi:
1016 3652 1054 3712 ut
1087 3648 1164 3731 quid
1194 3648 1331 3714 illudens
1354 3672 1406 3718 me

219 3751 350 3834 aequasi
372 3755 551 3816 monstrum
573 3753 658 3817 inter
679 3753 831 3819 animalia
854 3753 999 3837 posuisti,
1022 3753 1163 3819 formans
1180 3752 1260 3819 mihi
1276 3754 1404 3820 oculum

254 3875 312 3920 nec
335 3854 414 3920 dans
436 3855 566 3921 visum?
597 3856 740 3922 Basilisci
772 3863 878 3923 tamen
905 3859 1046 3943 pupillas
1068 3857 1209 3925 letiferas
1232 3859 1404 3926 illustrasti

255 3980 291 4029 nc
313 3963 381 4024 tam
403 3961 546 4026 nocentis
568 3959 679 4047 hyenae
691 3963 797 4027 oeulos
819 3962 1036 4048 ingeminasti,
1061 3985 1147 4029 meos
1171 3963 1297 4047 quidem
1321 3965 1405 4029 nulli

254 4084 371 4129 nocuos
393 4069 460 4129 tam
486 4061 570 4130 dulci
592 4065 662 4130 luee
684 4049 974 4151 obseura'privaeti
997 4067 1146 4151 pellicula
1162 4068 1323 4134 condens?
1345 4067 1405 4134 Oui
1498 4072 1503 4082 '

254 4167 311 4232 illa
333 4169 511 4252 respoudit:
544 4169 572 4233 si
603 4191 734 4234 summac
763 4171 915 4235 nimirum
939 4172 1102 4254 sapientiae
1125 4173 1269 4255 potentia
1290 4177 1405 4239 cunda

218 4293 244 4330 aa
257 4293 420 4357 compono,
444 4295 551 4339 verum
575 4295 640 4338 nou
652 4276 774 4342 invenis
792 4277 923 4355 aditum,
939 4277 1022 4341 unde
1037 4276 1198 4342 factricem
1212 4297 1263 4340 me
1278 4299 1404 4363 arguas,

256 4397 327 4440 cum
350 4378 443 4443 certis
465 4377 566 4444 modis
589 4379 763 4445 innumeris
786 4385 818 4446 et
848 4381 1040 4465 ponderibus
1067 4381 1182 4448 debitis
1204 4382 1305 4469 gratis
1327 4403 1404 4448 con-
