3058 4946
809 269 872 332 140

264 442 297 506 et
319 441 513 526 imperium?
551 441 595 506 Et
617 441 678 507 hoc
699 445 825 507 tantum
849 441 914 526 [M]
938 441 1056 507 malum
1080 443 1287 526 temporibus,
1310 445 1348 508 ut
1369 443 1414 522 fit,

263 551 392 612 auctum
414 551 462 612 est
484 547 580 612 etiam
604 552 700 632 etque
722 549 825 636 magis
848 549 995 613 invaluit.

351 651 411 717 Sed
442 653 582 736 respexit
612 675 669 718 nos
698 653 828 719 tandem
850 651 955 731 Deus,
988 658 1021 718 et
1050 653 1085 717 in
1110 653 1280 720 Germania
1310 675 1414 720 rursus

263 755 414 822 excitavit
436 761 519 823 artes
542 757 797 841 optimorumque
828 779 934 822 rerum
965 757 1132 822 scientiam
1165 758 1340 824 liberaliter
1361 759 1416 824 ad·

264 861 392 926 modum
415 866 448 927 et
469 863 602 929 abunde.
650 863 756 948 Atque
779 861 847 928 haec
869 867 935 928 tam
966 863 1104 949 insignis
1134 873 1167 928 et
1198 864 1271 928 laeta
1293 863 1415 928 vicissi-

264 966 341 1030 tudo
364 967 476 1032 incidit
497 968 530 1031 in
548 971 674 1052 tempus
690 967 800 1052 pronai
815 968 874 1048 tui,
898 967 1011 1048 Gaesar,
1037 967 1189 1033 Friderici
1205 967 1415 1051 imperatoris,

264 1092 301 1137 ac
323 1077 395 1157 post
417 1074 484 1158 ejus
507 1077 639 1138 mortem
665 1072 865 1138 felicissimos
887 1073 1001 1138 habuit
1023 1094 1209 1159 progressus
1239 1074 1415 1159 imperante

264 1198 323 1243 avo
346 1182 402 1243 tuo
425 1178 643 1244 Maximiliano
667 1176 795 1242 Oaesare.
828 1178 917 1254 Quod
941 1178 1056 1262 ipsum,
1080 1181 1235 1264 tanquam
1257 1199 1417 1244 summum

265 1285 297 1346 et
320 1282 504 1348 incredibile
528 1283 734 1362 beneficium,
765 1283 914 1349 dehemus
945 1283 1117 1369 amplecti,
1151 1285 1302 1370 quoniam
1334 1288 1417 1350 artes

266 1382 375 1451 omnes
398 1387 483 1454 Deus
506 1393 538 1453 et
560 1387 742 1455 hominibus
776 1388 913 1474 largitur
940 1392 972 1452 et
993 1410 1052 1472 pro
1075 1410 1131 1455 suo
1153 1389 1288 1456 arbitrio
1310 1389 1417 1455 distri·
1437 1389 1442 1398 “

264 1491 344 1557 buit.
391 1491 545 1558 deinter
568 1497 686 1558 ceteras
718 1493 844 1577 quidem
868 1492 1045 1559 Austrlocae
1076 1494 1187 1562 domus
1217 1500 1281 1561 tuae
1310 1496 1417 1562 laudes

266 1595 345 1661 illud
369 1595 465 1662 ctiam
489 1597 522 1661 in
546 1597 658 1682 primis
682 1597 863 1687 numernbit
885 1598 1055 1681 posteritas
1077 1603 1204 1678 nostra,
1229 1601 1332 1685 quod,
1355 1622 1417 1685 quo

265 1705 407 1785 tempore
423 1701 580 1766 Caesareus
605 1702 705 1768 honos
727 1708 760 1765 in
783 1705 921 1768 vestrum
944 1703 1110 1784 familiam,
1134 1705 1255 1789 alioqui
1280 1705 1417 1772 clarissi-

266 1829 361 1884 mum,
385 1806 472 1871 velut
495 1807 630 1872 illustris
653 1808 783 1892 quidum
805 1808 870 1886 sol,
894 1808 1003 1874 illatus
1027 1813 1091 1888 est,
1126 1829 1163 1874 eo
1186 1811 1255 1894 ipso
1277 1815 1420 1896 tempore

265 1915 332 1977 tem
363 1914 491 1996 pulcra,
526 1917 656 1998 tamque
678 1913 753 1978 lecta
776 1935 882 1978 rerum
905 1917 954 1978 est
976 1913 1050 1979 ilico
1072 1918 1180 1980 secuta
1201 1915 1419 1980 commutatio.

268 2017 370 2094 Quam
392 2017 456 2082 alia
479 2018 590 2084 deinde
612 2019 714 2084 multo
736 2019 837 2102 major
854 2023 886 2084 et
901 2019 1096 2102 splendidior
1110 2021 1235 2104 excepit
1250 2020 1309 2086 Dei
1325 2021 1421 2086 bene-

266 2119 403 2199 ficentia,
427 2145 497 2208 qum
519 2128 596 2190 tunc
612 2125 748 2205 demum,
773 2127 978 2208 posteaquam
994 2127 1030 2190 tu
1047 2124 1226 2190 Germania
1241 2126 1423 2209 principum

835 2297 853 2336 *t

268 2437 383 2503 etliche
406 2438 449 2502 vil
473 2437 612 2502 hundert
631 2437 682 2522 jar
703 2437 878 2524 genebrel,
906 2438 941 2522 ja
970 2437 1000 2502 ie
1028 2435 1140 2522 lenger
1163 2436 1192 2502 ie
1213 2437 1305 2502 mehr
1326 2459 1424 2524 zuge-

267 2565 391 2608 nomen.

267 2647 400 2713 Nubat
429 2669 489 2712 uns
519 2649 573 2714 der
594 2646 781 2732 Almechtig
803 2645 978 2711 widemmb
1011 2645 1199 2731 gn‘ddiglich
1230 2646 1423 2733 angesehen,

265 2753 331 2817 und
348 2753 382 2817 in
399 2752 570 2824 Teutscher
585 2751 704 2818 Notion
721 2752 772 2817 die
787 2755 864 2838 gbte
879 2752 996 2816 khnste
1010 2752 1075 2815 und
1099 2749 1207 2816 lechte
1229 2750 1294 2816 lere
1316 2750 1423 2816 lassen

266 2855 446 2942 suffgehen,
468 2877 528 2942 gar
548 2855 700 2922 reichlich
722 2856 785 2920 und
809 2856 947 2942 heuffig,
982 2855 1052 2920 eine
1082 2853 1164 2920 nach
1193 2854 1249 2920 der
1271 2847 1425 2934 anderen,

266 2961 332 3025 und
356 2961 413 3026 hat
435 2962 501 3026 dise
522 2960 743 3047 seriinderung
765 2961 825 3046 bey
841 2962 903 3026 aeit
917 2959 953 3025 Ε.
970 2960 1011 3025 Κ.
1028 2959 1072 3025 Μ.
1096 2959 1284 3038 uranhsrrn,
1308 2959 1425 3025 Keiser

268 3063 456 3147 Friderichs,
479 3068 548 3134 iren
572 3066 693 3153 onlong
715 3066 844 3153 gehabt,
868 3067 932 3132 und
949 3065 1096 3152 folgends
1111 3066 1172 3150 bey
1188 3063 1301 3129 Keiser
1318 3064 1426 3131 Maxi-

268 3171 409 3253 miliano,
433 3172 605 3239 mercklicb
627 3193 831 3258 zugenomen.
871 3171 930 3236 Dis
952 3165 1079 3236 mdssen
1101 3169 1158 3233 uir
1180 3191 1247 3234 nun
1272 3189 1329 3233 ror
1351 3168 1428 3233 eine

268 3299 376 3362 grosse
398 3277 532 3344 wolthat
548 3278 659 3342 Gottes
683 3277 853 3355 erkenuen,
877 3277 960 3342 denn
983 3275 1046 3341 alle
1067 3275 1207 3340 kdnsten
1223 3273 1294 3339 sind
1312 3271 1428 3340 Gottss

268 3383 433 3467 geschbpff
452 3384 516 3447 und
540 3383 652 3468 gabon,
678 3383 777 3447 dicer
792 3383 873 3448 necb
890 3383 1008 3447 seinem
1025 3379 1226 3467 wolgefallen
1242 3379 1426 3445 austheilet.

268 3485 341 3553 Und
365 3489 467 3552 neben
491 3490 662 3566 auderem,
697 3510 731 3553 so
765 3511 828 3554 von
850 3487 921 3553 dem
944 3486 1104 3554 lbblichen
1127 3486 1207 3551 haus
1229 3483 1428 3564 Osterreich,

268 3596 306 3658 nd
328 3587 463 3658 rbdmen
486 3593 537 3671 ist,
561 3594 626 3658 und
650 3593 752 3660 daven
776 3613 889 3658 unscrc
904 3591 1141 3658 nachlromende
1165 3591 1214 3674 [6]
1237 3589 1429 3676 gedeehtnis

267 3697 372 3764 baben
395 3699 529 3776 werden,
557 3699 605 3765 sol
628 3699 676 3763 dis
700 3698 834 3764 anchin
859 3697 1043 3762 sonderheit
1064 3696 1125 3760 mit
1147 3695 1337 3760 einvsrleibt
1358 3696 1430 3761 und

267 3804 366 3871 emalt
388 3804 524 3884 werden,
548 3805 615 3884 das,
639 3804 720 3870 nach
737 3804 808 3868 dem
832 3803 882 3868 die
904 3801 1099 3867 Keiserliohe
1122 3801 1237 3880 wirde,
1261 3823 1302 3864 an
1326 3801 1430 3886 obge-

268 3909 363 3973 melts
386 3909 466 3974 haus
488 3909 641 3995 gelanget
661 3908 728 3973 und
749 3908 896 3987 ¹lromen,
934 3908 1004 3972 eine
1035 3905 1141 3971 solche
1172 3905 1324 3991 frewdige
1353 3927 1431 3970 vcr-

268 4011 434 4099 anderung
457 4013 556 4080 durch
580 4015 644 4080 Get
666 4013 842 4079 beschehen
866 4013 927 4092 ist,
958 4013 1024 4078 und
1048 4013 1102 4077 das
1125 4010 1207 4075 nach
1229 4010 1431 4096 ohgemelter

269 4117 508 4204 verenderung,
543 4119 648 4204 gleich
679 4118 731 4183 ein
761 4119 859 4183 ander
882 4121 1008 4204 grbsser
1030 4117 1095 4180 und
1117 4114 1285 4201 wichtiger
1308 4114 1432 4182 handel

268 4222 350 4286 auch
373 4224 580 4302 entstanden,
604 4223 758 4301 welcher,
781 4222 863 4288 nach
889 4222 959 4286 dem
983 4219 1018 4286 Ε.
1043 4219 1086 4285 Μ.
1110 4219 1209 4284 durch
1232 4218 1345 4284 (lottes
1368 4220 1430 4284 he-

267 4326 464 4412 schiclrung,
487 4349 542 4392 nur
565 4327 784 4396 Keiserlichen
806 4326 905 4393 wirds
926 4327 1063 4406 humen,
1087 4325 1233 4390 allererst
1255 4324 1344 4390 recht
1366 4347 1433 4390 an-
