3146 4962
696 313 761 377 2οΊ

155 484 263 551 dnlam
284 489 384 551 totam
408 485 580 551 decalcavit
611 507 647 550 aa
679 485 849 551 crudeliter
878 487 1064 552 evisceravit
1092 487 1216 553 dicens:
1249 488 1304 572 qui

153 589 316 656 vulteum
339 591 412 655 aliis
435 591 545 669 rixari,
567 591 656 675 cupit
677 590 746 655 dire
766 591 891 657 laniari.
935 591 989 658 Sic
1003 592 1089 658 enim
1104 593 1208 673 multi,
1232 613 1304 658 cnm

152 694 263 760 vident
284 697 423 780 aliquem
434 697 616 780 depressum
639 699 671 761 et
686 696 720 760 in
736 697 917 763 calamitate
931 698 1081 781 positum,
1099 719 1161 762 non
1179 703 1304 764 cessent

153 821 225 864 eum
247 800 416 887 objurgare
437 823 475 866 ac
497 802 527 866 ei
548 801 704 886 injuriari,
728 805 765 865 tu
787 805 903 879 antean
926 803 1052 886 quando
1075 803 1177 868 cernis
1200 804 1304 868 homi-

3 942 7 962 ι
126 925 226 970 anem
248 905 282 970 in
305 906 503 986 calamitate,
534 925 655 970 cessere
684 910 763 970 tunc
789 906 881 970 debes
905 906 945 972 ab
967 907 1200 993 objurgatione.
1245 907 1304 973 nic

153 1010 239 1076 enim
261 1011 486 1096 philosophus:
520 1010 690 1096 objurgare
718 1010 753 1074 in
782 1011 962 1078 calamitate
984 1013 1114 1097 gravius
1136 1017 1185 1078 est
1208 1034 1303 1097 quem

153 1115 221 1198 ipsa
254 1117 436 1196 calamitae,
470 1117 656 1184 calamitoso
689 1138 755 1182 non
791 1119 928 1203 compati
962 1119 1058 1184 etiam
1095 1118 1214 1201 injuria
1245 1123 1302 1184 est

153 1221 290 1304 Antiqui
321 1225 354 1286 et
380 1222 540 1308 principes
570 1223 846 1307 compatiebantur
877 1224 1001 1288 miseris
1041 1227 1074 1288 et
1110 1224 1304 1290 calamitosis

3 1399 4 1404 ἵ
152 1325 188 1390 in
210 1326 275 1392 suia
297 1327 539 1393 calamitatibus.
586 1328 678 1393 Unde
699 1331 811 1393 narrat
833 1326 981 1393 Valerius
1003 1327 1086 1394 libro
1108 1326 1173 1392 V⁰:
1206 1327 1302 1411 quod,

113 1453 139 1489 ιο
154 1452 226 1496 cum
249 1429 352 1497 Ooeaar
374 1433 546 1498 abscissum
562 1437 658 1519 caput
674 1431 818 1517 Pompeji
834 1431 1039 1517 adspexisset,
1061 1432 1131 1518 pias
1146 1432 1304 1518 lacrymas

155 1535 250 1601 dedit.
296 1536 383 1602 Idem
406 1542 518 1604 narret
539 1538 667 1616 ibidem,
691 1539 775 1622 quod
798 1535 923 1602 Marcus
945 1537 1115 1602 Marcellus
1137 1539 1240 1621 captis
1262 1537 1304 1602 ab

155 1661 192 1706 eo
213 1641 416 1727 Syracusanis
438 1647 613 1708 comesset
643 1642 678 1707 in
702 1663 773 1708 arce
800 1642 1050 1726 opulentissima
1072 1643 1160 1708 urbia
1183 1642 1303 1708 conali-

154 1748 253 1826 tntus,
276 1745 403 1813 afflictae
414 1748 553 1814 civitatis
575 1748 738 1813 fortunam
760 1748 961 1833 deplorantes
984 1749 1113 1816 intuens
1135 1771 1156 1815 a
1176 1748 1254 1813 fletu
1269 1769 1304 1813 se

143 1850 300 1917 'cohibere
321 1874 386 1919 non
407 1854 523 1938 potuit.
569 1852 691 1918 lbidcm
713 1853 811 1918 etiam
833 1857 944 1918 narrat
966 1853 1004 1918 de
1027 1853 1194 1919 clementia
1208 1852 1303 1917 Porn-

114 1976 141 2016 ιι
155 1956 219 2040 peji
250 1979 326 2043 erga
354 1979 462 2044 regem
492 1957 671 2038 menies,
710 1959 765 2042 qui
799 1962 909 2024 contra
943 1958 1096 2043 populum
1124 1957 1305 2022 Romanum

155 2083 272 2147 magna
303 2063 387 2128 bella
420 2068 578 2151 gesserat,
615 2062 734 2129 victum
770 2065 803 2129 in
835 2067 1006 2148 conspectu
1036 2086 1093 2128 suo
1128 2063 1304 2148 supplicem

156 2165 275 2232 diutius
293 2167 396 2252 jacere
418 2190 483 2235 non
506 2172 555 2234 est
575 2189 704 2252 passus,
738 2169 792 2232 aed
821 2167 969 2253 benignis
1001 2168 1106 2234 verbis
1128 2171 1304 2232 recreatum

157 2271 323 2356 dyadema,
355 2273 438 2359 quod
460 2275 636 2359 abjecerat,
669 2273 768 2357 capiti
791 2294 943 2359 reponere
962 2273 1057 2356 jussit
1080 2277 1112 2337 et
1133 2273 1168 2336 in
1191 2272 1304 2355 pristi-

156 2397 234 2442 num
255 2379 389 2462 gradum
412 2381 564 2458 restituit,
587 2401 676 2465 seque
697 2378 865 2463 pulchrum
889 2400 956 2443 csse
968 2378 1113 2463 judicans
1129 2380 1162 2442 et
1176 2377 1302 2442 vincere

114 2500 140 2539 πο
154 2503 244 2568 reges
268 2488 300 2548 et
322 2484 431 2551 facere.
468 2469 649 2553 'consimile
675 2487 786 2550 narrat
808 2485 846 2550 dc
868 2483 1004 2568 quodam
1031 2482 1177 2558 conside,
1199 2479 1300 2546 Paulo

156 2589 302 2668 nomine,
332 2591 388 2674 qui
420 2611 493 2657 cum
522 2592 681 2677 quendam
710 2613 817 2676 regem
848 2590 1043 2675 captivatum
1071 2587 1184 2654 adduci
1206 2587 1247 2653 ad
1268 2607 1301 2652 se

156 2693 303 2774 audisset,
327 2697 466 2762 occurrit
487 2689 516 2762 el
538 2701 572 2763 et
593 2697 685 2763 illum
707 2697 867 2763 volentem
889 2696 928 2761 cd
943 2694 1070 2760 veniam
1085 2691 1301 2776 procumbere,

156 2797 284 2865 dextera
313 2822 371 2866 sua
392 2801 526 2868 elevavit
554 2806 587 2867 et
616 2802 657 2868 ad
687 2822 776 2886 spem
806 2799 993 2866 exhortatus
1023 2803 1073 2863 eat
1100 2819 1235 2882 eumque
1264 2796 1300 2862 in

155 2904 288 2971 consilio
315 2907 377 2972 eibi
404 2909 584 2991 proximum
614 2907 721 2972 eadere
750 2905 826 2971 fecit
855 2925 913 2970 nec
949 2903 1070 2968 honore
1097 2925 1214 2968 mensae
1248 2903 1299 2967 in·

116 3027 142 3065 π
155 3008 289 3094 dignum
312 3011 475 3095 judicavit.
525 3009 612 3077 Nam
641 3011 668 3076 si
698 3009 862 3096 egregium
892 3014 942 3075 est
971 3007 1097 3073 hostem
1128 3007 1301 3087 devincere,

157 3135 221 3179 non
243 3114 349 3182 minus
372 3115 529 3182 laudabile
557 3119 606 3182 eet
627 3113 778 3180 infelibus
800 3113 881 3180 scire
901 3113 1053 3180 maerori.
1129 3179 1131 3187 ,

340 3307 396 3376 De
418 3309 683 3376 nicticorace
705 3311 747 3374 et
769 3307 944 3388 alauda,
967 3305 1041 3372 dial.
1065 3308 1118 3370 64.

243 3449 426 3517 Nicticorax
447 3449 565 3517 dicitur
586 3470 607 3516 a
627 3450 747 3529 uictos,
771 3447 855 3532 quod
878 3449 927 3512 est
950 3468 1030 3528 nox,
1053 3448 1087 3511 et
1108 3465 1220 3524 corax,
1249 3444 1305 3528 qui

156 3559 206 3620 eet
227 3577 352 3636 corvus,
375 3557 466 3640 quasi
488 3576 599 3622 corvus
621 3554 741 3634 noctis,
773 3553 909 3638 quiade
931 3555 1024 3618 nocte
1044 3550 1133 3617 volat
1154 3551 1205 3617 vel
1228 3551 1304 3636 quia

118 3666 144 3705 ⁸⁰
157 3660 196 3725 de
218 3665 310 3726 nocte
330 3660 462 3746 vigilat3
490 3660 569 3726 dicit
590 3659 682 3725 Brito
704 3664 738 3724 et
758 3657 834 3724 leid.
857 3657 976 3724 Ethim.
998 3653 1098 3722 XIl⁰2
1127 3654 1303 3720 nicticorax

156 3764 228 3848 ipsa
249 3767 298 3829 est
318 3769 444 3843 noctua,
469 3766 546 3849 quia
567 3771 691 3832 noctem
715 3767 810 3830 amat.
855 3763 907 3829 Ad
928 3763 1012 3828 hanc
1033 3761 1174 3847 perrexit
1189 3758 1303 3825 alauda

156 3869 277 3935 dicens:
301 3891 390 3936 soror
412 3871 585 3949 carissima,
606 3870 723 3936 obnixe
745 3875 777 3935 te
799 3871 958 3953 deprecor,
983 3867 1066 3952 quod
1089 3866 1139 3932 die
1162 3865 1302 3932 crastino

155 3975 235 4041 mihi
257 3975 395 4055 socieris,
418 3975 569 4059 quoniam
591 3978 714 4041 amator
735 3995 823 4039 meus
838 3973 878 4039 ad
893 3974 991 4039 solem
1009 3994 1061 4037 me
1075 3972 1165 4055 cupit
1179 3969 1303 4046 videre;

102 4111 108 4122 ·
155 4081 264 4168 elego
285 4085 391 4148 tecum
413 4103 468 4148 ero
490 4082 625 4160 sociata,
656 4079 821 4164 pulchrior
841 4077 1009 4164 apparebo.
1054 4075 1222 4142 Promittit
1244 4073 1304 4140 hcc

119 4204 144 4244 ει
157 4185 332 4253 nicticorax
354 4209 410 4272 per
431 4187 540 4253 omnia
561 4186 704 4271 implere,
728 4185 998 4251 verecundabatur
1020 4183 1105 4248 enirn
1127 4182 1188 4248 hoc
1202 4181 1231 4245 ei
1246 4180 1302 4245 ab·

157 4313 282 4381 negare.
337 4292 487 4380 (lamque
510 4293 575 4360 dies
608 4292 731 4358 memet
766 4296 799 4357 et
830 4292 886 4356 sol:
913 4289 1049 4356 clarifice
1083 4287 1301 4372 perlustraret,
