3146 4962
687 309 750 372 205

138 477 262 544 totiens
284 476 562 556 assimilamini,
586 499 658 543 cum
680 479 770 544 audit
793 501 825 545 sc
847 478 980 544 laudari.
1026 478 1119 546 Unde
1141 481 1292 548 Hieroni·

138 603 228 649 mus:
252 583 469 667 unusquisque
484 605 503 648 a
517 583 663 667 proximo
681 604 738 648 suc
754 605 787 648 se
802 584 961 650 custodiat
983 590 1015 650 et
1037 586 1070 650 in
1087 586 1176 652 omni
1193 585 1293 654 fratre

139 691 199 753 tuo
222 708 286 753 non
310 687 427 752 habeas
449 687 614 767 fiduciam,
646 691 678 752 et
711 689 782 772 plns
810 688 882 754 aliis
908 688 1001 754 dete
1023 713 1118 776 quam
1140 692 1202 757 tibi
1224 712 1292 757 cre·

139 792 216 860 dere
238 793 314 858 noli.

111 987 126 1026 a
374 967 430 1035 De
451 967 623 1034 fasiano
647 972 688 1034 et
709 990 889 1054 pavone,
912 968 986 1034 dial.
1011 973 1062 1034 62.

230 1107 384 1175 Volucres
415 1109 450 1174 in
481 1109 636 1176 diuisione
665 1108 810 1175 fecerunt
841 1109 1026 1175 electionem
1066 1114 1099 1175 et
1126 1111 1292 1196 clegerunt

141 1214 302 1280 fasianam
323 1218 356 1280 et
376 1236 542 1299 pavonem,
566 1214 627 1299 ipsi
650 1237 724 1280 vero
747 1237 804 1299 per
814 1214 1000 1280 electionem
1022 1215 1119 1281 simul
1141 1216 1289 1300 quaestic-

141 1318 305 1384 nabantur
331 1324 364 1384 et
385 1321 469 1386 bona
490 1343 548 1386 sua
570 1319 801 1406 disperdebant.
846 1319 894 1384 Ea
912 1324 1042 1405 propter
1058 1341 1130 1386 aves
1146 1321 1186 1387 ati
1201 1322 1292 1406 cqui-

143 1424 209 1491 lam
238 1429 465 1491 concurrerunt
494 1425 648 1491 dieentes:
679 1426 811 1492 fecimus
845 1447 903 1490 nos
936 1425 1144 1506 electionem,
1174 1426 1293 1506 sedat

52 1553 56 1562 ’
100 1551 128 1588 ιο
140 1529 239 1614 judex
261 1531 303 1596 da
323 1531 604 1610 confirmationem,
628 1535 665 1596 ut
679 1530 772 1596 electi
787 1531 1040 1614 comprobentur.
1086 1529 1206 1616 Aquila
1220 1554 1294 1598 vero

144 1636 261 1702 electos
284 1637 395 1703 citavit
417 1636 526 1702 volens
548 1636 729 1702 examinare
750 1636 944 1702 electionem.
978 1635 1039 1702 Sed
1061 1617 1203 1704 fasianus
1225 1639 1292 1703 avis

144 1746 193 1808 est
215 1743 359 1826 quaedam
381 1742 421 1808 ab
445 1741 566 1808 Graecia
599 1742 738 1826 primum
768 1745 949 1826 asportata,
981 1741 1069 1827 cujus
1092 1751 1169 1808 caro'
1188 1743 1292 1809 suavis

143 1851 194 1913 est
215 1848 255 1914 ad
278 1847 512 1929 comedendum.
558 1847 621 1913 Hic
643 1847 912 1932 quamplurimum
939 1868 972 1912 se
995 1847 1222 1933 magnificabat
1244 1848 1293 1914 di-

143 1975 236 2020 cens:
266 1955 387 2038 ojuste
406 1953 519 2038 judex,
543 1955 580 2018 ut
603 1953 723 2032 cernis,
746 1953 843 2018 nimis
866 1975 936 2018 sum
960 1952 1129 2034 delicatus,
1162 1953 1294 2038 pulcher

103 2071 131 2112 1⁵
145 2065 180 2124 et
201 2060 351 2138 variatus,
374 2081 447 2126 caro
469 2081 539 2125 mea
553 2059 760 2124 aromatizata
774 2079 868 2142 super
883 2059 992 2122 omnia
1006 2059 1090 2143 sapit
1112 2063 1144 2125 et
1161 2059 1292 2139 redolet,

145 2186 288 2250 proquo
310 2164 391 2229 mihi
413 2165 562 2230 convenit
583 2163 791 2250 principatus.
838 2162 922 2229 Pavo
945 2153 1052 2228 autem
1080 2186 1114 2228 se
1135 2185 1193 2247 pro
1215 2163 1293 2228 viri-

145 2270 205 2335 bus
228 2271 413 2337 defendcbat
436 2271 558 2336 dicens:
586 2291 661 2349 non,
685 2269 828 2348 domine,
860 2273 908 2334 est
929 2269 992 2348 ita,
1019 2272 1057 2334 ut
1078 2268 1220 2334 fasianus
1242 2291 1293 2335 as·

145 2376 233 2454 serit,
258 2375 406 2461 quoniam
428 2375 595 2461 pulchrior.
613 2396 649 2440 ec
672 2396 760 2453 sum,
782 2395 919 2460 magnus
941 2378 973 2439 et
995 2373 1162 2454 cristatus,
1193 2373 1293 2439 cauda

112 2533 114 2539 Α
144 2505 216 2548 mee
239 2481 317 2546 mihi
338 2481 545 2548 sublimatum
567 2480 672 2546 reddit
692 2480 854 2546 honorem.
900 2477 942 2544 Et
964 2479 1024 2544 hoc
1038 2479 1144 2544 dicens
1159 2479 1290 2545 caudam

105 2610 131 2649 ro
145 2609 269 2653 sursum
292 2587 393 2654 erexit
415 2587 522 2671 sicque
543 2586 750 2672 gloriabatur.
795 2584 916 2670 Aquila
938 2606 1012 2650 vero
1034 2585 1102 2650 haec
1118 2584 1226 2650 omnia
1240 2584 1292 2649 in-

145 2675 294 2780 telligens
316 2694 363 2759 ait
384 2691 517 2778 pavoni:
546 2695 601 2770 tu,
631 2713 729 2777 pavo,
761 2694 795 2756 tc
816 2690 1022 2775 vituperasti,
1053 2712 1126 2756 cum
1159 2690 1290 2756 caudam

146 2819 270 2862 sursum
294 2797 439 2876 erexisti,
471 2797 547 2881 quia
574 2800 684 2881 turpes
712 2795 808 2880 pedes
836 2794 929 2860 nobis
952 2793 1137 2873 ostendisti,
1168 2795 1209 2861 ob
1231 2794 1292 2860 hoc

145 2924 210 2968 non
240 2924 273 2968 es
306 2902 421 2989 dignus
448 2901 631 2988 principari.
677 2900 812 2966 Demum
844 2901 883 2965 ad
913 2899 1071 2967 fusienum
1102 2900 1224 2985 inquit:
1255 2904 1293 2966 tu

146 3011 252 3074 autem
274 3007 469 3092 lacrymosus
492 3028 524 3072 es
547 3027 584 3072 ac
605 3006 718 3072 debilis
741 3027 799 3071 nec
821 3005 1040 3085 contemmis,
1063 3005 1179 3072 idcirco
1194 3027 1291 3091 prop·

108 3134 133 3173 aa
146 3116 195 3179 ter
217 3111 373 3178 defectum
394 3113 556 3178 oculorum
580 3116 709 3177 tuorum
731 3115 763 3176 tc
784 3111 875 3196 privo
897 3109 1090 3196 principatu.
1135 3109 1189 3177 Sic
1208 3111 1291 3175 enim

147 3222 279 3302 uterque
300 3217 419 3303 privati
440 3220 684 3302 permanserunt
706 3216 863 3282 dicentes:
890 3237 956 3282 non
985 3220 1034 3282 est
1065 3215 1181 3302 dignus
1201 3217 1292 3301 prin·

148 3323 257 3409 ciperi‚
279 3324 335 3407 qui
357 3324 473 3408 quaerit
494 3322 710 3409 quaestionari.
756 3321 826 3388 Hoc
848 3321 951 3402 enirn,
975 3325 1014 3386 ut
1035 3321 1213 3401 cernimus,
1236 3341 1293 3385 m-

149 3428 276 3512 pissimc
298 3427 412 3493 accidit
433 3428 468 3492 in
491 3427 609 3508 electis,
634 3426 760 3514 quaudo
782 3430 912 3512 propter
925 3425 1114 3511 quaestiones
1130 3425 1293 3490 electionis

149 3531 227 3597 sitia
248 3554 305 3597 sua
326 3531 471 3598 homines
492 3534 670 3612 rimentur,
693 3537 825 3618 propter
847 3530 932 3616 quod
954 3553 1036 3615 saepe
1059 3530 1239 3615 spoliantur
1261 3532 1294 3594 et

112 3637 362 3703 acdiffamantur.
408 3636 502 3704 Unde
523 3661 589 3705 non
612 3643 660 3702 est
682 3639 801 3703 bonum
817 3636 1024 3722 questionem
1046 3657 1141 3722 agere
1162 3639 1295 3721 propter

150 3741 320 3828 primatum
342 3741 490 3822 honoris,
515 3743 591 3826 quia
612 3742 689 3808 dicit
710 3741 899 3829 Gregorius:
925 3740 1115 3806 desiderium
1138 3740 1294 3825 primatus

149 3870 186 3914 ex
211 3845 369 3932 jactantia
396 3846 499 3912 cordis
529 3848 670 3913 nascitur
701 3851 734 3912 et
763 3849 943 3932 quicunqne
973 3845 1198 3912 desideraverit
1227 3845 1294 3928 pri-

148 3955 270 4018 matum
295 3951 463 4031 interris,
497 3952 638 4018 inveniet
667 3951 886 4017 confusionem
918 3951 952 4014 in
974 3950 1070 4018 coelis.
1116 3949 1186 4016 Hoc
1207 3949 1294 4014 enim

150 4056 322 4143 periculum
344 4055 532 4141 praesidendi
554 4056 719 4122 uitandum
739 4063 788 4123 est
802 4078 861 4140 pro
875 4054 1007 4134 viribus,
1031 4055 1106 4140 quia
1121 4055 1198 4121 dicit
1213 4054 1292 4148 Gre-

115 4184 138 4224 a
150 4163 268 4250 gorius:
291 4166 447 4248 quantum
469 4162 505 4226 in
527 4162 681 4246 superiori
703 4162 772 4228 loco
795 4165 904 4246 pastor
926 4165 991 4240 est,
1020 4163 1148 4227 tantum
1181 4160 1216 4226 in
1238 4183 1294 4246 pe·

149 4268 247 4335 riculo
269 4269 382 4354 majori
404 4271 556 4335 versatur.
602 4266 801 4353 Quapropter
819 4266 944 4352 antiqui
967 4266 1126 4352 principes
1150 4290 1215 4334 non
1236 4289 1295 4352 pa·

149 4373 309 4442 tiebantur
332 4375 416 4441 filios
436 4396 510 4440 suos
531 4375 660 4461 prefici,
683 4375 748 4441 nisi
769 4378 901 4461 possent
918 4373 1080 4461 proficere.
1124 4373 1171 4440 Ut
1184 4377 1296 4442 narret
