<?xml version="1.0" encoding="UTF-8"?>
<!DOCTYPE html PUBLIC "-//W3C//DTD XHTML 1.0 Transitional//EN"
    "http://www.w3.org/TR/xhtml1/DTD/xhtml1-transitional.dtd">
<html xmlns="http://www.w3.org/1999/xhtml" xml:lang="en" lang="en">
 <head>
  <title>
</title>
<meta http-equiv="Content-Type" content="text/html;charset=utf-8" />
  <meta name='ocr-system' content='tesseract 3.04.00' />
  <meta name='ocr-capabilities' content='ocr_page ocr_carea ocr_par ocr_line ocrx_word'/>
</head>
<body>
  <div class='ocr_page' id='page_1' title='image "./zweiredenankais02sleigoog/zweiredenankais02sleigoog_0853.png"; bbox 0 0 3146 4962; ppageno 0'>
   <div class='ocr_carea' id='block_1_1' title="bbox 839 303 902 370">
    <p class='ocr_par' dir='ltr' id='par_1_1' title="bbox 839 303 902 370">
     <span class='ocr_line' id='line_1_1' title="bbox 839 303 902 370; baseline 0 0"><span class='ocrx_word' id='word_1_1' title='bbox 839 303 902 370; x_wconf 70' lang='lat'><strong>252</strong></span> 
     </span>
    </p>
   </div>
   <div class='ocr_carea' id='block_1_2' title="bbox 262 475 1449 3823">
    <p class='ocr_par' dir='ltr' id='par_1_2' title="bbox 262 475 1449 3823">
     <span class='ocr_line' id='line_1_2' title="bbox 300 475 1445 562; baseline 0.001 -21"><span class='ocrx_word' id='word_1_2' title='bbox 300 475 397 562; x_wconf 87' lang='lat' dir='ltr'><strong>pilos,</strong></span> <span class='ocrx_word' id='word_1_3' title='bbox 427 499 573 544; x_wconf 88' lang='lat' dir='ltr'><strong>corneam</strong></span> <span class='ocrx_word' id='word_1_4' title='bbox 601 479 698 545; x_wconf 87' lang='lat' dir='ltr'><strong>babet</strong></span> <span class='ocrx_word' id='word_1_5' title='bbox 727 478 864 544; x_wconf 87' lang='lat' dir='ltr'><strong>frontem</strong></span> <span class='ocrx_word' id='word_1_6' title='bbox 895 479 1044 546; x_wconf 88' lang='lat' dir='ltr'><strong>cornibus</strong></span> <span class='ocrx_word' id='word_1_7' title='bbox 1073 477 1274 542; x_wconf 78' lang='lat' dir='ltr'><strong>validimimis</strong></span> <span class='ocrx_word' id='word_1_8' title='bbox 1305 477 1445 543; x_wconf 90' lang='lat' dir='ltr'><strong>circum-</strong></span> 
     </span>
     <span class='ocr_line' id='line_1_3' title="bbox 299 581 1445 668; baseline 0.003 -24"><span class='ocrx_word' id='word_1_9' title='bbox 299 585 429 665; x_wconf 80' lang='lat' dir='ltr'><strong>septam</strong></span> <span class='ocrx_word' id='word_1_10' title='bbox 474 581 556 648; x_wconf 84' lang='lat' dir='ltr'><strong>Caro</strong></span> <span class='ocrx_word' id='word_1_11' title='bbox 585 585 652 668; x_wconf 87' lang='lat' dir='ltr'><strong>ejus</strong></span> <span class='ocrx_word' id='word_1_12' title='bbox 682 607 748 650; x_wconf 93' lang='lat' dir='ltr'><strong>non</strong></span> <span class='ocrx_word' id='word_1_13' title='bbox 776 584 877 650; x_wconf 88' lang='lat' dir='ltr'><strong>solum</strong></span> <span class='ocrx_word' id='word_1_14' title='bbox 908 584 997 650; x_wconf 88' lang='lat' dir='ltr'><strong>utilis</strong></span> <span class='ocrx_word' id='word_1_15' title='bbox 1025 589 1073 648; x_wconf 88' lang='lat' dir='ltr'><strong>est</strong></span> <span class='ocrx_word' id='word_1_16' title='bbox 1104 583 1143 646; x_wconf 88' lang='lat' dir='ltr'><strong>ad</strong></span> <span class='ocrx_word' id='word_1_17' title='bbox 1173 604 1293 661; x_wconf 89' lang='lat' dir='ltr'><strong>escam,</strong></span> <span class='ocrx_word' id='word_1_18' title='bbox 1331 603 1445 647; x_wconf 81' lang='lat' dir='ltr'><strong>rerum</strong></span> 
     </span>
     <span class='ocr_line' id='line_1_4' title="bbox 299 685 1443 770; baseline 0.002 -20"><span class='ocrx_word' id='word_1_19' title='bbox 299 685 394 750; x_wconf 88' lang='lat' dir='ltr'><strong>etiarn</strong></span> <span class='ocrx_word' id='word_1_20' title='bbox 423 686 462 752; x_wconf 88' lang='lat' dir='ltr'><strong>ad</strong></span> <span class='ocrx_word' id='word_1_21' title='bbox 492 689 695 768; x_wconf 74' lang='lat' dir='ltr'><strong>medicinam,</strong></span> <span class='ocrx_word' id='word_1_22' title='bbox 731 695 765 754; x_wconf 91' lang='lat' dir='ltr'><strong>ut</strong></span> <span class='ocrx_word' id='word_1_23' title='bbox 796 690 874 754; x_wconf 88' lang='lat' dir='ltr'><strong>dicit</strong></span> <span class='ocrx_word' id='word_1_24' title='bbox 906 689 1030 753; x_wconf 78' lang='lat' dir='ltr'><strong>Plinius</strong></span> <span class='ocrx_word' id='word_1_25' title='bbox 1061 686 1097 752; x_wconf 68' lang='lat'><strong>1.</strong></span> <span class='ocrx_word' id='word_1_26' title='bbox 1126 686 1260 752; x_wconf 75' lang='lat' dir='ltr'><strong>xxm</strong></span> <span class='ocrx_word' id='word_1_27' title='bbox 1291 707 1359 770; x_wconf 90' lang='lat' dir='ltr'><strong>cap.</strong></span> <span class='ocrx_word' id='word_1_28' title='bbox 1383 685 1443 752; x_wconf 79' lang='lat' dir='ltr'><strong>X&#39;.</strong></span> 
     </span>
     <span class='ocr_line' id='line_1_5' title="bbox 300 789 1447 879; baseline 0.001 -24"><span class='ocrx_word' id='word_1_29' title='bbox 300 789 362 856; x_wconf 85' lang='lat' dir='ltr'><strong>Hic</strong></span> <span class='ocrx_word' id='word_1_30' title='bbox 383 791 552 878; x_wconf 88' lang='lat' dir='ltr'><strong>caligarius</strong></span> <span class='ocrx_word' id='word_1_31' title='bbox 574 795 846 860; x_wconf 75' lang='lat' dir='ltr'><strong>nominatissimus</strong></span> <span class='ocrx_word' id='word_1_32' title='bbox 860 795 996 870; x_wconf 81' lang='lat' dir='ltr'><strong>exstitit,</strong></span> <span class='ocrx_word' id='word_1_33' title='bbox 1019 795 1075 879; x_wconf 90' lang='lat' dir='ltr'><strong>qni</strong></span> <span class='ocrx_word' id='word_1_34' title='bbox 1092 815 1147 878; x_wconf 85' lang='lat' dir='ltr'><strong>per</strong></span> <span class='ocrx_word' id='word_1_35' title='bbox 1162 800 1263 858; x_wconf 85' lang='lat' dir='ltr'><strong>artem</strong></span> <span class='ocrx_word' id='word_1_36' title='bbox 1280 791 1447 876; x_wconf 82' lang='lat' dir='ltr'><strong>splendide</strong></span> 
     </span>
     <span class='ocr_line' id='line_1_6' title="bbox 274 897 1446 985; baseline -0.003 -21"><span class='ocrx_word' id='word_1_37' title='bbox 274 919 370 964; x_wconf 80' lang='lat' dir='ltr'><strong>scum</strong></span> <span class='ocrx_word' id='word_1_38' title='bbox 394 919 509 984; x_wconf 88' lang='lat' dir='ltr'><strong>magna</strong></span> <span class='ocrx_word' id='word_1_39' title='bbox 530 898 654 964; x_wconf 83' lang='lat' dir='ltr'><strong>familia</strong></span> <span class='ocrx_word' id='word_1_40' title='bbox 675 901 825 985; x_wconf 75' lang='lat' dir='ltr'>degebat,</span> <span class='ocrx_word' id='word_1_41' title='bbox 849 901 902 964; x_wconf 90' lang='lat' dir='ltr'><strong>sed</strong></span> <span class='ocrx_word' id='word_1_42' title='bbox 923 921 995 966; x_wconf 87' lang='lat' dir='ltr'><strong>cum</strong></span> <span class='ocrx_word' id='word_1_43' title='bbox 1018 899 1105 964; x_wconf 84' lang='lat' dir='ltr'><strong>dives</strong></span> <span class='ocrx_word' id='word_1_44' title='bbox 1126 905 1208 963; x_wconf 82' lang='lat' dir='ltr'><strong>esset</strong></span> <span class='ocrx_word' id='word_1_45' title='bbox 1230 897 1350 976; x_wconf 81' lang='lat' dir='ltr'><strong>factus,</strong></span> <span class='ocrx_word' id='word_1_46' title='bbox 1379 897 1446 961; x_wconf 90' lang='lat' dir='ltr'><strong>arti</strong></span> 
     </span>
     <span class='ocr_line' id='line_1_7' title="bbox 300 1001 1446 1089; baseline 0 -23"><span class='ocrx_word' id='word_1_47' title='bbox 300 1001 450 1088; x_wconf 81' lang='lat' dir='ltr'>derogare</span> <span class='ocrx_word' id='word_1_48' title='bbox 471 1003 566 1086; x_wconf 86' lang='lat' dir='ltr'><strong>ooepit</strong></span> <span class='ocrx_word' id='word_1_49' title='bbox 588 1004 711 1070; x_wconf 90' lang='lat' dir='ltr'><strong>diceus:</strong></span> <span class='ocrx_word' id='word_1_50' title='bbox 734 1028 785 1070; x_wconf 87' lang='lat' dir='ltr'><strong>ars</strong></span> <span class='ocrx_word' id='word_1_51' title='bbox 808 1010 856 1070; x_wconf 85' lang='lat' dir='ltr'><strong>est</strong></span> <span class='ocrx_word' id='word_1_52' title='bbox 878 1005 945 1071; x_wconf 78' lang='lat' dir='ltr'><strong>haec</strong></span> <span class='ocrx_word' id='word_1_53' title='bbox 965 1005 1161 1089; x_wconf 86' lang='lat' dir='ltr'><strong>vituperata,</strong></span> <span class='ocrx_word' id='word_1_54' title='bbox 1184 1024 1296 1068; x_wconf 86' lang='lat' dir='ltr'><strong>manos</strong></span> <span class='ocrx_word' id='word_1_55' title='bbox 1318 1023 1446 1088; x_wconf 87' lang='lat' dir='ltr'><strong>semper</strong></span> 
     </span>
     <span class='ocr_line' id='line_1_8' title="bbox 300 1107 1446 1195; baseline 0.001 -25"><span class='ocrx_word' id='word_1_56' title='bbox 300 1107 409 1193; x_wconf 85' lang='lat' dir='ltr'><strong>nigras</strong></span> <span class='ocrx_word' id='word_1_57' title='bbox 432 1111 537 1192; x_wconf 86' lang='lat' dir='ltr'><strong>gesto,</strong></span> <span class='ocrx_word' id='word_1_58' title='bbox 568 1110 621 1174; x_wconf 85' lang='lat' dir='ltr'><strong>sed</strong></span> <span class='ocrx_word' id='word_1_59' title='bbox 645 1131 682 1174; x_wconf 91' lang='lat' dir='ltr'><strong>eo</strong></span> <span class='ocrx_word' id='word_1_60' title='bbox 705 1111 737 1174; x_wconf 97' lang='lat' dir='ltr'><strong>in</strong></span> <span class='ocrx_word' id='word_1_61' title='bbox 761 1111 961 1195; x_wconf 74' lang='lat' dir='ltr'><strong>turpitudine</strong></span> <span class='ocrx_word' id='word_1_62' title='bbox 984 1110 1111 1194; x_wconf 87' lang='lat' dir='ltr'><strong>lingens</strong></span> <span class='ocrx_word' id='word_1_63' title='bbox 1132 1109 1252 1173; x_wconf 90' lang='lat' dir='ltr'><strong>corium</strong></span> <span class='ocrx_word' id='word_1_64' title='bbox 1275 1112 1307 1172; x_wconf 86' lang='lat' dir='ltr'><strong>et</strong></span> <span class='ocrx_word' id='word_1_65' title='bbox 1330 1107 1446 1192; x_wconf 79' lang='lat' dir='ltr'><strong>pedes3</strong></span> 
     </span>
     <span class='ocr_line' id='line_1_9' title="bbox 301 1212 1445 1302; baseline 0.001 -27"><span class='ocrx_word' id='word_1_66' title='bbox 301 1212 371 1276; x_wconf 87' lang='lat' dir='ltr'><strong>volo</strong></span> <span class='ocrx_word' id='word_1_67' title='bbox 392 1213 477 1278; x_wconf 82' lang='lat' dir='ltr'><strong>eninr</strong></span> <span class='ocrx_word' id='word_1_68' title='bbox 501 1235 550 1278; x_wconf 88' lang='lat' dir='ltr'><strong>me</strong></span> <span class='ocrx_word' id='word_1_69' title='bbox 572 1213 743 1281; x_wconf 87' lang='lat' dir='ltr'><strong>sublimare</strong></span> <span class='ocrx_word' id='word_1_70' title='bbox 765 1222 798 1281; x_wconf 91' lang='lat' dir='ltr'><strong>et</strong></span> <span class='ocrx_word' id='word_1_71' title='bbox 812 1215 1034 1302; x_wconf 86' lang='lat' dir='ltr'><strong>apothecarius</strong></span> <span class='ocrx_word' id='word_1_72' title='bbox 1047 1215 1127 1292; x_wconf 85' lang='lat' dir='ltr'><strong>fieri,</strong></span> <span class='ocrx_word' id='word_1_73' title='bbox 1151 1212 1226 1298; x_wconf 86' lang='lat' dir='ltr'><strong>quia</strong></span> <span class='ocrx_word' id='word_1_74' title='bbox 1239 1212 1445 1296; x_wconf 88' lang='lat' dir='ltr'><strong>postmodum</strong></span> 
     </span>
     <span class='ocr_line' id='line_1_10' title="bbox 300 1317 1445 1406; baseline -0.003 -24"><span class='ocrx_word' id='word_1_75' title='bbox 300 1317 454 1383; x_wconf 93' lang='lat' dir='ltr'><strong>redolebo.</strong></span> <span class='ocrx_word' id='word_1_76' title='bbox 499 1317 577 1385; x_wconf 85' lang='lat' dir='ltr'><strong>Cum</strong></span> <span class='ocrx_word' id='word_1_77' title='bbox 599 1321 681 1386; x_wconf 88' lang='lat' dir='ltr'><strong>enim</strong></span> <span class='ocrx_word' id='word_1_78' title='bbox 705 1326 788 1387; x_wconf 85' lang='lat' dir='ltr'><strong>esset</strong></span> <span class='ocrx_word' id='word_1_79' title='bbox 814 1321 985 1406; x_wconf 77' lang='lat' dir='ltr'><strong>speciatim</strong></span> <span class='ocrx_word' id='word_1_80' title='bbox 1015 1320 1165 1397; x_wconf 82' lang='lat' dir='ltr'><strong>effectus,</strong></span> <span class='ocrx_word' id='word_1_81' title='bbox 1196 1339 1304 1382; x_wconf 89' lang='lat' dir='ltr'><strong>omnes</strong></span> <span class='ocrx_word' id='word_1_82' title='bbox 1337 1317 1445 1401; x_wconf 91' lang='lat' dir='ltr'><strong>ipsum</strong></span> 
     </span>
     <span class='ocr_line' id='line_1_11' title="bbox 262 1421 1446 1510; baseline -0.004 -20"><span class='ocrx_word' id='word_1_83' title='bbox 262 1449 288 1490; x_wconf 83' lang='lat' dir='ltr'><strong>n</strong></span> <span class='ocrx_word' id='word_1_84' title='bbox 301 1421 502 1502; x_wconf 86' lang='lat' dir='ltr'><strong>deridebant,</strong></span> <span class='ocrx_word' id='word_1_85' title='bbox 531 1427 765 1510; x_wconf 88' lang='lat' dir='ltr'><strong>propterquod</strong></span> <span class='ocrx_word' id='word_1_86' title='bbox 793 1432 892 1492; x_wconf 81' lang='lat' dir='ltr'><strong>artem</strong></span> <span class='ocrx_word' id='word_1_87' title='bbox 922 1426 1099 1504; x_wconf 72' lang='lat' dir='ltr'><strong>nesciebat,</strong></span> <span class='ocrx_word' id='word_1_88' title='bbox 1129 1446 1187 1490; x_wconf 90' lang='lat' dir='ltr'><strong>nec</strong></span> <span class='ocrx_word' id='word_1_89' title='bbox 1219 1423 1353 1486; x_wconf 85' lang='lat' dir='ltr'><strong>vendere</strong></span> <span class='ocrx_word' id='word_1_90' title='bbox 1384 1443 1446 1486; x_wconf 87' lang='lat' dir='ltr'><strong>nec</strong></span> 
     </span>
     <span class='ocr_line' id='line_1_12' title="bbox 300 1526 1446 1616; baseline -0.002 -24"><span class='ocrx_word' id='word_1_91' title='bbox 300 1547 482 1612; x_wconf 90' lang='lat' dir='ltr'><strong>comparare</strong></span> <span class='ocrx_word' id='word_1_92' title='bbox 511 1531 736 1616; x_wconf 87' lang='lat' dir='ltr'><strong>cognoscebat,</strong></span> <span class='ocrx_word' id='word_1_93' title='bbox 767 1532 881 1597; x_wconf 88' lang='lat' dir='ltr'><strong>idcirco</strong></span> <span class='ocrx_word' id='word_1_94' title='bbox 910 1533 1049 1598; x_wconf 82' lang='lat' dir='ltr'><strong>breviter</strong></span> <span class='ocrx_word' id='word_1_95' title='bbox 1080 1553 1138 1596; x_wconf 90' lang='lat' dir='ltr'><strong>sna</strong></span> <span class='ocrx_word' id='word_1_96' title='bbox 1160 1529 1326 1613; x_wconf 75' lang='lat' dir='ltr'><strong>dissipavit</strong></span> <span class='ocrx_word' id='word_1_97' title='bbox 1354 1526 1446 1591; x_wconf 92' lang='lat' dir='ltr'><strong>etin</strong></span> 
     </span>
     <span class='ocr_line' id='line_1_13' title="bbox 301 1633 1447 1722; baseline -0.003 -24"><span class='ocrx_word' id='word_1_98' title='bbox 301 1637 440 1716; x_wconf 83' lang='lat' dir='ltr'><strong>egestate</strong></span> <span class='ocrx_word' id='word_1_99' title='bbox 462 1633 582 1699; x_wconf 90' lang='lat' dir='ltr'><strong>derisus</strong></span> <span class='ocrx_word' id='word_1_100' title='bbox 605 1637 672 1702; x_wconf 77' lang='lat' dir='ltr'><strong>ait:</strong></span> <span class='ocrx_word' id='word_1_101' title='bbox 694 1638 806 1702; x_wconf 90' lang='lat' dir='ltr'><strong>melius</strong></span> <span class='ocrx_word' id='word_1_102' title='bbox 829 1642 877 1703; x_wconf 87' lang='lat' dir='ltr'><strong>est</strong></span> <span class='ocrx_word' id='word_1_103' title='bbox 900 1636 981 1701; x_wconf 88' lang='lat' dir='ltr'><strong>bene</strong></span> <span class='ocrx_word' id='word_1_104' title='bbox 1002 1638 1036 1702; x_wconf 93' lang='lat' dir='ltr'><strong>iu</strong></span> <span class='ocrx_word' id='word_1_105' title='bbox 1059 1636 1166 1722; x_wconf 86' lang='lat' dir='ltr'><strong>parvis</strong></span> <span class='ocrx_word' id='word_1_106' title='bbox 1188 1637 1272 1698; x_wconf 84' lang='lat' dir='ltr'><strong>stare</strong></span> <span class='ocrx_word' id='word_1_107' title='bbox 1293 1653 1389 1717; x_wconf 83' lang='lat' dir='ltr'><strong>quam</strong></span> <span class='ocrx_word' id='word_1_108' title='bbox 1410 1653 1447 1696; x_wconf 89' lang='lat' dir='ltr'><strong>se</strong></span> 
     </span>
     <span class='ocr_line' id='line_1_14' title="bbox 302 1738 1445 1828; baseline 0 -27"><span class='ocrx_word' id='word_1_109' title='bbox 302 1738 383 1802; x_wconf 90' lang='lat' dir='ltr'><strong>male</strong></span> <span class='ocrx_word' id='word_1_110' title='bbox 406 1744 606 1812; x_wconf 85' lang='lat' dir='ltr'><strong>commutare.</strong></span> <span class='ocrx_word' id='word_1_111' title='bbox 652 1741 767 1808; x_wconf 78' lang='lat' dir='ltr'><strong>Caveat</strong></span> <span class='ocrx_word' id='word_1_112' title='bbox 789 1765 864 1828; x_wconf 90' lang='lat' dir='ltr'><strong>ergo</strong></span> <span class='ocrx_word' id='word_1_113' title='bbox 887 1743 1022 1827; x_wconf 81' lang='lat' dir='ltr'><strong>quilibet</strong></span> <span class='ocrx_word' id='word_1_114' title='bbox 1053 1747 1086 1807; x_wconf 92' lang='lat' dir='ltr'><strong>et</strong></span> <span class='ocrx_word' id='word_1_115' title='bbox 1119 1739 1295 1806; x_wconf 88' lang='lat' dir='ltr'><strong>consideret</strong></span> <span class='ocrx_word' id='word_1_116' title='bbox 1323 1741 1445 1802; x_wconf 89' lang='lat' dir='ltr'><strong>statum</strong></span> 
     </span>
     <span class='ocr_line' id='line_1_15' title="bbox 302 1839 1446 1932; baseline -0.005 -22"><span class='ocrx_word' id='word_1_117' title='bbox 302 1865 394 1910; x_wconf 85' lang='lat' dir='ltr'><strong>suum</strong></span> <span class='ocrx_word' id='word_1_118' title='bbox 416 1867 473 1910; x_wconf 90' lang='lat' dir='ltr'><strong>neo</strong></span> <span class='ocrx_word' id='word_1_119' title='bbox 494 1847 558 1912; x_wconf 83' lang='lat' dir='ltr'><strong>citu</strong></span> <span class='ocrx_word' id='word_1_120' title='bbox 580 1869 613 1912; x_wconf 90' lang='lat' dir='ltr'><strong>se</strong></span> <span class='ocrx_word' id='word_1_121' title='bbox 628 1852 739 1913; x_wconf 89' lang='lat' dir='ltr'><strong>mutet.</strong></span> <span class='ocrx_word' id='word_1_122' title='bbox 785 1851 844 1914; x_wconf 91' lang='lat' dir='ltr'><strong>Ait</strong></span> <span class='ocrx_word' id='word_1_123' title='bbox 858 1849 940 1913; x_wconf 87' lang='lat' dir='ltr'><strong>enirn</strong></span> <span class='ocrx_word' id='word_1_124' title='bbox 958 1846 1120 1932; x_wconf 85' lang='lat' dir='ltr'><strong>apostolus</strong></span> <span class='ocrx_word' id='word_1_125' title='bbox 1136 1845 1240 1930; x_wconf 90' lang='lat' dir='ltr'><strong>prima</strong></span> <span class='ocrx_word' id='word_1_126' title='bbox 1255 1841 1325 1907; x_wconf 79' lang='lat' dir='ltr'><strong>Gor.</strong></span> <span class='ocrx_word' id='word_1_127' title='bbox 1345 1839 1446 1905; x_wconf 74' lang='lat' dir='ltr'><strong>vill:</strong></span> 
     </span>
     <span class='ocr_line' id='line_1_16' title="bbox 264 1944 1445 2038; baseline -0.006 -22"><span class='ocrx_word' id='word_1_128' title='bbox 264 1975 289 2016; x_wconf 82' lang='lat' dir='ltr'><strong>rs</strong></span> <span class='ocrx_word' id='word_1_129' title='bbox 303 1950 337 2016; x_wconf 93' lang='lat' dir='ltr'><strong>in</strong></span> <span class='ocrx_word' id='word_1_130' title='bbox 359 1972 422 2033; x_wconf 91' lang='lat' dir='ltr'><strong>qua</strong></span> <span class='ocrx_word' id='word_1_131' title='bbox 444 1951 606 2016; x_wconf 80' lang='lat' dir='ltr'><strong>vocatione</strong></span> <span class='ocrx_word' id='word_1_132' title='bbox 627 1953 718 2030; x_wconf 89' lang='lat' dir='ltr'><strong>estis,</strong></span> <span class='ocrx_word' id='word_1_133' title='bbox 750 1955 783 2018; x_wconf 94' lang='lat' dir='ltr'><strong>in</strong></span> <span class='ocrx_word' id='word_1_134' title='bbox 814 1953 920 2019; x_wconf 89' lang='lat' dir='ltr'><strong>eadem</strong></span> <span class='ocrx_word' id='word_1_135' title='bbox 948 1953 1139 2038; x_wconf 87' lang='lat' dir='ltr'><strong>permanete.</strong></span> <span class='ocrx_word' id='word_1_136' title='bbox 1185 1949 1268 2027; x_wconf 76' lang='lat' dir='ltr'><strong>Quia</strong></span> <span class='ocrx_word' id='word_1_137' title='bbox 1289 1947 1367 2012; x_wconf 91' lang='lat' dir='ltr'><strong>dicit</strong></span> <span class='ocrx_word' id='word_1_138' title='bbox 1388 1944 1445 2010; x_wconf 89' lang='lat' dir='ltr'><strong>Se-</strong></span> 
     </span>
     <span class='ocr_line' id='line_1_17' title="bbox 303 2054 1445 2143; baseline -0.006 -23"><span class='ocrx_word' id='word_1_139' title='bbox 303 2077 395 2122; x_wconf 85' lang='lat' dir='ltr'><strong>neca:</strong></span> <span class='ocrx_word' id='word_1_140' title='bbox 418 2076 481 2120; x_wconf 87' lang='lat' dir='ltr'><strong>non</strong></span> <span class='ocrx_word' id='word_1_141' title='bbox 504 2057 694 2122; x_wconf 80' lang='lat' dir='ltr'><strong>convalescit</strong></span> <span class='ocrx_word' id='word_1_142' title='bbox 715 2059 841 2142; x_wconf 89' lang='lat' dir='ltr'><strong>planta,</strong></span> <span class='ocrx_word' id='word_1_143' title='bbox 866 2081 937 2143; x_wconf 84' lang='lat' dir='ltr'><strong>quae</strong></span> <span class='ocrx_word' id='word_1_144' title='bbox 959 2079 1043 2141; x_wconf 87' lang='lat' dir='ltr'><strong>saepe</strong></span> <span class='ocrx_word' id='word_1_145' title='bbox 1064 2054 1273 2130; x_wconf 83' lang='lat' dir='ltr'><strong>transfertnr3</strong></span> <span class='ocrx_word' id='word_1_146' title='bbox 1303 2071 1445 2134; x_wconf 73' lang='lat' dir='ltr'><strong>perseve-</strong></span> 
     </span>
     <span class='ocr_line' id='line_1_18' title="bbox 302 2159 1444 2240; baseline -0.004 -16"><span class='ocrx_word' id='word_1_147' title='bbox 302 2161 409 2225; x_wconf 88' lang='lat' dir='ltr'><strong>rantia</strong></span> <span class='ocrx_word' id='word_1_148' title='bbox 429 2161 513 2226; x_wconf 93' lang='lat' dir='ltr'><strong>enim</strong></span> <span class='ocrx_word' id='word_1_149' title='bbox 536 2165 584 2226; x_wconf 89' lang='lat' dir='ltr'><strong>est</strong></span> <span class='ocrx_word' id='word_1_150' title='bbox 605 2162 639 2227; x_wconf 95' lang='lat' dir='ltr'><strong>iu</strong></span> <span class='ocrx_word' id='word_1_151' title='bbox 661 2163 785 2229; x_wconf 90' lang='lat' dir='ltr'><strong>ratione</strong></span> <span class='ocrx_word' id='word_1_152' title='bbox 806 2164 886 2230; x_wconf 88' lang='lat' dir='ltr'><strong>bene</strong></span> <span class='ocrx_word' id='word_1_153' title='bbox 908 2163 1083 2230; x_wconf 86' lang='lat' dir='ltr'><strong>constituta</strong></span> <span class='ocrx_word' id='word_1_154' title='bbox 1115 2159 1241 2225; x_wconf 88' lang='lat' dir='ltr'><strong>stabilis</strong></span> <span class='ocrx_word' id='word_1_155' title='bbox 1270 2161 1303 2222; x_wconf 91' lang='lat' dir='ltr'><strong>et</strong></span> <span class='ocrx_word' id='word_1_156' title='bbox 1331 2177 1444 2240; x_wconf 88' lang='lat' dir='ltr'><strong>perpe·</strong></span> 
     </span>
     <span class='ocr_line' id='line_1_19' title="bbox 303 2261 1445 2354; baseline -0.006 -25"><span class='ocrx_word' id='word_1_157' title='bbox 303 2268 359 2330; x_wconf 91' lang='lat' dir='ltr'><strong>tua</strong></span> <span class='ocrx_word' id='word_1_158' title='bbox 379 2265 509 2331; x_wconf 86' lang='lat' dir='ltr'><strong>mansio.</strong></span> <span class='ocrx_word' id='word_1_159' title='bbox 555 2265 612 2332; x_wconf 87' lang='lat' dir='ltr'><strong>Ait</strong></span> <span class='ocrx_word' id='word_1_160' title='bbox 634 2269 718 2332; x_wconf 91' lang='lat' dir='ltr'><strong>enim</strong></span> <span class='ocrx_word' id='word_1_161' title='bbox 741 2269 865 2334; x_wconf 73' lang='lat' dir='ltr'><strong>&#39;lullius</strong></span> <span class='ocrx_word' id='word_1_162' title='bbox 887 2269 991 2354; x_wconf 86' lang='lat' dir='ltr'><strong>primo</strong></span> <span class='ocrx_word' id='word_1_163' title='bbox 1014 2265 1209 2332; x_wconf 69' lang='lat' dir='ltr'><strong>Rhetoricae:</strong></span> <span class='ocrx_word' id='word_1_164' title='bbox 1233 2263 1268 2326; x_wconf 93' lang='lat' dir='ltr'><strong>in</strong></span> <span class='ocrx_word' id='word_1_165' title='bbox 1289 2261 1349 2326; x_wconf 89' lang='lat' dir='ltr'><strong>hac</strong></span> <span class='ocrx_word' id='word_1_166' title='bbox 1371 2280 1445 2345; x_wconf 90' lang='lat' dir='ltr'><strong>per-</strong></span> 
     </span>
     <span class='ocr_line' id='line_1_20' title="bbox 304 2365 1442 2457; baseline -0.007 -22"><span class='ocrx_word' id='word_1_167' title='bbox 304 2370 480 2435; x_wconf 80' lang='lat' dir='ltr'><strong>severantia</strong></span> <span class='ocrx_word' id='word_1_168' title='bbox 501 2370 544 2436; x_wconf 89' lang='lat' dir='ltr'><strong>sit</strong></span> <span class='ocrx_word' id='word_1_169' title='bbox 564 2371 658 2437; x_wconf 90' lang='lat' dir='ltr'><strong>homo</strong></span> <span class='ocrx_word' id='word_1_170' title='bbox 673 2373 844 2438; x_wconf 88' lang='lat' dir='ltr'><strong>immobilis</strong></span> <span class='ocrx_word' id='word_1_171' title='bbox 867 2377 899 2438; x_wconf 90' lang='lat' dir='ltr'><strong>et</strong></span> <span class='ocrx_word' id='word_1_172' title='bbox 921 2393 985 2438; x_wconf 91' lang='lat' dir='ltr'><strong>non</strong></span> <span class='ocrx_word' id='word_1_173' title='bbox 1010 2372 1177 2457; x_wconf 83' lang='lat' dir='ltr'><strong>frangatur</strong></span> <span class='ocrx_word' id='word_1_174' title='bbox 1199 2365 1442 2432; x_wconf 72' lang='lat' dir='ltr'><strong>adversitatibus</strong></span> 
     </span>
     <span class='ocr_line' id='line_1_21' title="bbox 265 2469 1445 2562; baseline -0.007 -22"><span class='ocrx_word' id='word_1_175' title='bbox 265 2501 291 2540; x_wconf 84' lang='lat' dir='ltr'><strong>ro</strong></span> <span class='ocrx_word' id='word_1_176' title='bbox 303 2497 360 2542; x_wconf 90' lang='lat' dir='ltr'><strong>nec</strong></span> <span class='ocrx_word' id='word_1_177' title='bbox 382 2475 553 2541; x_wconf 82' lang='lat' dir='ltr'><strong>extollatur</strong></span> <span class='ocrx_word' id='word_1_178' title='bbox 575 2478 855 2562; x_wconf 81' lang='lat' dir='ltr'><strong>prosperitatibus3</strong></span> <span class='ocrx_word' id='word_1_179' title='bbox 880 2479 956 2544; x_wconf 89' lang='lat' dir='ltr'><strong>item</strong></span> <span class='ocrx_word' id='word_1_180' title='bbox 973 2499 1038 2542; x_wconf 93' lang='lat' dir='ltr'><strong>non</strong></span> <span class='ocrx_word' id='word_1_181' title='bbox 1053 2469 1445 2556; x_wconf 83' lang='lat' dir='ltr'><strong>terreaturcomruinatio-</strong></span> 
     </span>
     <span class='ocr_line' id='line_1_22' title="bbox 304 2574 1446 2666; baseline -0.006 -21"><span class='ocrx_word' id='word_1_182' title='bbox 304 2581 397 2645; x_wconf 89' lang='lat' dir='ltr'><strong>nibus</strong></span> <span class='ocrx_word' id='word_1_183' title='bbox 415 2601 472 2646; x_wconf 89' lang='lat' dir='ltr'><strong>nec</strong></span> <span class='ocrx_word' id='word_1_184' title='bbox 493 2580 638 2646; x_wconf 86' lang='lat' dir='ltr'><strong>flectatur</strong></span> <span class='ocrx_word' id='word_1_185' title='bbox 659 2583 931 2666; x_wconf 87' lang='lat' dir='ltr'><strong>promissionibus.</strong></span> <span class='ocrx_word' id='word_1_186' title='bbox 976 2582 1033 2648; x_wconf 92' lang='lat' dir='ltr'><strong>Ait</strong></span> <span class='ocrx_word' id='word_1_187' title='bbox 1064 2581 1148 2646; x_wconf 89' lang='lat' dir='ltr'><strong>euim</strong></span> <span class='ocrx_word' id='word_1_188' title='bbox 1180 2577 1297 2644; x_wconf 81' lang='lat' dir='ltr'><strong>Seneca</strong></span> <span class='ocrx_word' id='word_1_189' title='bbox 1326 2574 1367 2640; x_wconf 94' lang='lat' dir='ltr'><strong>de</strong></span> <span class='ocrx_word' id='word_1_190' title='bbox 1388 2595 1446 2638; x_wconf 89' lang='lat' dir='ltr'><strong>na·</strong></span> 
     </span>
     <span class='ocr_line' id='line_1_23' title="bbox 305 2677 1446 2770; baseline -0.008 -21"><span class='ocrx_word' id='word_1_191' title='bbox 305 2684 460 2750; x_wconf 85' lang='lat' dir='ltr'><strong>toralibus</strong></span> <span class='ocrx_word' id='word_1_192' title='bbox 483 2685 709 2770; x_wconf 78' lang='lat' dir='ltr'><strong>quaestiouibus</strong></span> <span class='ocrx_word' id='word_1_193' title='bbox 732 2685 752 2754; x_wconf 93' lang='lat' dir='ltr'><strong>l.</strong></span> <span class='ocrx_word' id='word_1_194' title='bbox 770 2686 821 2752; x_wconf 82' lang='grc' dir='ltr'><strong>ΙΙΙ</strong></span> <span class='ocrx_word' id='word_1_195' title='bbox 842 2693 875 2753; x_wconf 94' lang='lat' dir='ltr'><strong>et</strong></span> <span class='ocrx_word' id='word_1_196' title='bbox 898 2693 935 2752; x_wconf 90' lang='lat' dir='ltr'><strong>ut</strong></span> <span class='ocrx_word' id='word_1_197' title='bbox 949 2688 995 2754; x_wconf 86' lang='lat' dir='ltr'><strong>ait</strong></span> <span class='ocrx_word' id='word_1_198' title='bbox 1012 2685 1173 2770; x_wconf 80' lang='lat' dir='ltr'><strong>expositor</strong></span> <span class='ocrx_word' id='word_1_199' title='bbox 1189 2703 1283 2766; x_wconf 86' lang='lat' dir='ltr'><strong>super</strong></span> <span class='ocrx_word' id='word_1_200' title='bbox 1299 2677 1446 2744; x_wconf 89' lang='lat' dir='ltr'><strong>Boetium</strong></span> 
     </span>
     <span class='ocr_line' id='line_1_24' title="bbox 305 2783 1445 2878; baseline -0.009 -23"><span class='ocrx_word' id='word_1_201' title='bbox 305 2788 342 2855; x_wconf 88' lang='lat' dir='ltr'><strong>de</strong></span> <span class='ocrx_word' id='word_1_202' title='bbox 364 2789 587 2867; x_wconf 78' lang='lat' dir='ltr'><strong>consolatione,</strong></span> <span class='ocrx_word' id='word_1_203' title='bbox 612 2797 785 2876; x_wconf 84' lang='lat' dir='ltr'><strong>posuerunt</strong></span> <span class='ocrx_word' id='word_1_204' title='bbox 806 2792 989 2878; x_wconf 91' lang='lat' dir='ltr'><strong>philosophi</strong></span> <span class='ocrx_word' id='word_1_205' title='bbox 1014 2791 1075 2856; x_wconf 90' lang='lat' dir='ltr'><strong>duo</strong></span> <span class='ocrx_word' id='word_1_206' title='bbox 1098 2789 1184 2854; x_wconf 88' lang='lat' dir='ltr'><strong>dolia</strong></span> <span class='ocrx_word' id='word_1_207' title='bbox 1205 2787 1239 2850; x_wconf 92' lang='lat' dir='ltr'><strong>in</strong></span> <span class='ocrx_word' id='word_1_208' title='bbox 1262 2784 1374 2849; x_wconf 90' lang='lat' dir='ltr'><strong>limine</strong></span> <span class='ocrx_word' id='word_1_209' title='bbox 1389 2783 1445 2846; x_wconf 92' lang='lat' dir='ltr'><strong>do·</strong></span> 
     </span>
     <span class='ocr_line' id='line_1_25' title="bbox 304 2887 1448 2981; baseline -0.008 -21"><span class='ocrx_word' id='word_1_210' title='bbox 304 2917 374 2960; x_wconf 88' lang='lat' dir='ltr'><strong>mus</strong></span> <span class='ocrx_word' id='word_1_211' title='bbox 395 2893 492 2960; x_wconf 85' lang='lat' dir='ltr'><strong>Jovis.</strong></span> <span class='ocrx_word' id='word_1_212' title='bbox 538 2894 716 2962; x_wconf 81' lang='lat' dir='ltr'><strong>Secundum</strong></span> <span class='ocrx_word' id='word_1_213' title='bbox 740 2897 825 2981; x_wconf 88' lang='lat' dir='ltr'><strong>ipsos</strong></span> <span class='ocrx_word' id='word_1_214' title='bbox 848 2902 896 2962; x_wconf 88' lang='lat' dir='ltr'><strong>est</strong></span> <span class='ocrx_word' id='word_1_215' title='bbox 913 2898 1023 2962; x_wconf 89' lang='lat' dir='ltr'><strong>domus</strong></span> <span class='ocrx_word' id='word_1_216' title='bbox 1039 2894 1177 2959; x_wconf 90' lang='lat' dir='ltr'><strong>mundus</strong></span> <span class='ocrx_word' id='word_1_217' title='bbox 1191 2891 1263 2968; x_wconf 77' lang='lat' dir='ltr'><strong>iste,</strong></span> <span class='ocrx_word' id='word_1_218' title='bbox 1287 2890 1349 2953; x_wconf 91' lang='lat' dir='ltr'><strong>duo</strong></span> <span class='ocrx_word' id='word_1_219' title='bbox 1365 2887 1448 2953; x_wconf 88' lang='lat' dir='ltr'><strong>dolia</strong></span> 
     </span>
     <span class='ocr_line' id='line_1_26' title="bbox 264 2992 1449 3088; baseline -0.01 -20"><span class='ocrx_word' id='word_1_220' title='bbox 264 3027 291 3068; x_wconf 78' lang='lat' dir='ltr'><strong>as</strong></span> <span class='ocrx_word' id='word_1_221' title='bbox 305 3000 496 3088; x_wconf 85' lang='lat' dir='ltr'><strong>prosperitas</strong></span> <span class='ocrx_word' id='word_1_222' title='bbox 522 3004 555 3065; x_wconf 92' lang='lat' dir='ltr'><strong>et</strong></span> <span class='ocrx_word' id='word_1_223' title='bbox 576 3001 767 3081; x_wconf 87' lang='lat' dir='ltr'><strong>adversitas,</strong></span> <span class='ocrx_word' id='word_1_224' title='bbox 798 3003 973 3088; x_wconf 89' lang='lat' dir='ltr'><strong>dequibus</strong></span> <span class='ocrx_word' id='word_1_225' title='bbox 996 3003 1124 3086; x_wconf 89' lang='lat' dir='ltr'><strong>oportet</strong></span> <span class='ocrx_word' id='word_1_226' title='bbox 1147 3001 1275 3083; x_wconf 86' lang='lat' dir='ltr'><strong>gustare</strong></span> <span class='ocrx_word' id='word_1_227' title='bbox 1296 2992 1449 3060; x_wconf 88' lang='lat' dir='ltr'><strong>mundum</strong></span> 
     </span>
     <span class='ocr_line' id='line_1_27' title="bbox 305 3103 1448 3193; baseline -0.01 -21"><span class='ocrx_word' id='word_1_228' title='bbox 305 3107 472 3172; x_wconf 86' lang='lat' dir='ltr'><strong>intrantes.</strong></span> <span class='ocrx_word' id='word_1_229' title='bbox 518 3105 696 3171; x_wconf 84' lang='lat' dir='ltr'><strong>Alexander</strong></span> <span class='ocrx_word' id='word_1_230' title='bbox 718 3109 803 3173; x_wconf 88' lang='lat' dir='ltr'><strong>enim</strong></span> <span class='ocrx_word' id='word_1_231' title='bbox 827 3130 891 3173; x_wconf 92' lang='lat' dir='ltr'><strong>non</strong></span> <span class='ocrx_word' id='word_1_232' title='bbox 914 3108 1022 3193; x_wconf 85' lang='lat' dir='ltr'><strong>p&#39;otuit</strong></span> <span class='ocrx_word' id='word_1_233' title='bbox 1044 3103 1257 3170; x_wconf 87' lang='lat' dir='ltr'><strong>constantiam</strong></span> <span class='ocrx_word' id='word_1_234' title='bbox 1289 3103 1322 3164; x_wconf 89' lang='lat' dir='ltr'><strong>et</strong></span> <span class='ocrx_word' id='word_1_235' title='bbox 1344 3117 1448 3182; x_wconf 84' lang='lat' dir='ltr'><strong>perse-</strong></span> 
     </span>
     <span class='ocr_line' id='line_1_28' title="bbox 305 3205 1448 3297; baseline -0.01 -21"><span class='ocrx_word' id='word_1_236' title='bbox 305 3211 479 3276; x_wconf 88' lang='lat' dir='ltr'><strong>verantiam</strong></span> <span class='ocrx_word' id='word_1_237' title='bbox 502 3209 654 3296; x_wconf 81' lang='lat' dir='ltr'><strong>Diogenis</strong></span> <span class='ocrx_word' id='word_1_238' title='bbox 678 3212 811 3278; x_wconf 86' lang='lat' dir='ltr'><strong>vincere.</strong></span> <span class='ocrx_word' id='word_1_239' title='bbox 857 3213 907 3278; x_wconf 91' lang='lat' dir='ltr'><strong>Ad</strong></span> <span class='ocrx_word' id='word_1_240' title='bbox 931 3233 1025 3297; x_wconf 91' lang='lat' dir='ltr'><strong>quem</strong></span> <span class='ocrx_word' id='word_1_241' title='bbox 1048 3211 1083 3274; x_wconf 91' lang='lat' dir='ltr'><strong>in</strong></span> <span class='ocrx_word' id='word_1_242' title='bbox 1106 3209 1172 3273; x_wconf 90' lang='lat' dir='ltr'><strong>sole</strong></span> <span class='ocrx_word' id='word_1_243' title='bbox 1194 3205 1355 3272; x_wconf 88' lang='lat' dir='ltr'><strong>sedentem</strong></span> <span class='ocrx_word' id='word_1_244' title='bbox 1378 3223 1448 3266; x_wconf 91' lang='lat' dir='ltr'><strong>cum</strong></span> 
     </span>
     <span class='ocr_line' id='line_1_29' title="bbox 305 3307 1448 3400; baseline -0.01 -18"><span class='ocrx_word' id='word_1_245' title='bbox 305 3316 483 3382; x_wconf 87' lang='lat' dir='ltr'><strong>accessisset</strong></span> <span class='ocrx_word' id='word_1_246' title='bbox 506 3319 538 3380; x_wconf 88' lang='lat' dir='ltr'><strong>et</strong></span> <span class='ocrx_word' id='word_1_247' title='bbox 560 3315 622 3400; x_wconf 91' lang='lat' dir='ltr'><strong>ipsi</strong></span> <span class='ocrx_word' id='word_1_248' title='bbox 645 3315 780 3397; x_wconf 89' lang='lat' dir='ltr'><strong>diceret,</strong></span> <span class='ocrx_word' id='word_1_249' title='bbox 812 3322 867 3396; x_wconf 90' lang='lat' dir='ltr'><strong>ut,</strong></span> <span class='ocrx_word' id='word_1_250' title='bbox 897 3317 924 3382; x_wconf 90' lang='lat' dir='ltr'><strong>si</strong></span> <span class='ocrx_word' id='word_1_251' title='bbox 955 3336 1018 3400; x_wconf 92' lang='lat' dir='ltr'><strong>qua</strong></span> <span class='ocrx_word' id='word_1_252' title='bbox 1046 3313 1108 3378; x_wconf 88' lang='lat' dir='ltr'><strong>sibi</strong></span> <span class='ocrx_word' id='word_1_253' title='bbox 1134 3311 1246 3377; x_wconf 89' lang='lat' dir='ltr'><strong>donari</strong></span> <span class='ocrx_word' id='word_1_254' title='bbox 1269 3309 1375 3386; x_wconf 87' lang='lat' dir='ltr'><strong>vellet,</strong></span> <span class='ocrx_word' id='word_1_255' title='bbox 1398 3307 1448 3371; x_wconf 94' lang='lat' dir='ltr'><strong>in·</strong></span> 
     </span>
     <span class='ocr_line' id='line_1_30' title="bbox 305 3415 1447 3504; baseline -0.007 -18"><span class='ocrx_word' id='word_1_256' title='bbox 305 3421 433 3500; x_wconf 87' lang='lat' dir='ltr'><strong>dicaret,</strong></span> <span class='ocrx_word' id='word_1_257' title='bbox 456 3420 505 3484; x_wconf 86' lang='lat' dir='ltr'><strong>vir</strong></span> <span class='ocrx_word' id='word_1_258' title='bbox 526 3421 664 3486; x_wconf 85' lang='lat' dir='ltr'><strong>robustae</strong></span> <span class='ocrx_word' id='word_1_259' title='bbox 687 3425 875 3488; x_wconf 78' lang='lat' dir='ltr'><strong>constantiae</strong></span> <span class='ocrx_word' id='word_1_260' title='bbox 896 3421 923 3486; x_wconf 94' lang='lat' dir='ltr'><strong>ei</strong></span> <span class='ocrx_word' id='word_1_261' title='bbox 946 3418 1126 3504; x_wconf 88' lang='lat' dir='ltr'><strong>respondit:</strong></span> <span class='ocrx_word' id='word_1_262' title='bbox 1156 3415 1269 3481; x_wconf 88' lang='lat' dir='ltr'><strong>vellem</strong></span> <span class='ocrx_word' id='word_1_263' title='bbox 1299 3433 1367 3498; x_wconf 80' lang='lat' dir='ltr'><strong>prae</strong></span> <span class='ocrx_word' id='word_1_264' title='bbox 1388 3433 1447 3478; x_wconf 81' lang='lat' dir='ltr'><strong>cae·</strong></span> 
     </span>
     <span class='ocr_line' id='line_1_31' title="bbox 267 3517 1447 3606; baseline -0.012 -14"><span class='ocrx_word' id='word_1_265' title='bbox 267 3552 293 3592; x_wconf 85' lang='lat' dir='ltr'><strong>so</strong></span> <span class='ocrx_word' id='word_1_266' title='bbox 305 3526 396 3606; x_wconf 86' lang='lat' dir='ltr'><strong>teris,</strong></span> <span class='ocrx_word' id='word_1_267' title='bbox 427 3529 463 3590; x_wconf 89' lang='lat' dir='ltr'><strong>ut</strong></span> <span class='ocrx_word' id='word_1_268' title='bbox 493 3525 600 3591; x_wconf 90' lang='lat' dir='ltr'><strong>asole</strong></span> <span class='ocrx_word' id='word_1_269' title='bbox 624 3525 702 3590; x_wconf 92' lang='lat' dir='ltr'><strong>mihi</strong></span> <span class='ocrx_word' id='word_1_270' title='bbox 725 3548 790 3591; x_wconf 92' lang='lat' dir='ltr'><strong>non</strong></span> <span class='ocrx_word' id='word_1_271' title='bbox 813 3527 928 3592; x_wconf 89' lang='lat' dir='ltr'><strong>obstes.</strong></span> <span class='ocrx_word' id='word_1_272' title='bbox 974 3523 1024 3589; x_wconf 85' lang='lat' dir='ltr'><strong>Ex</strong></span> <span class='ocrx_word' id='word_1_273' title='bbox 1045 3524 1105 3588; x_wconf 93' lang='lat' dir='ltr'><strong>hoc</strong></span> <span class='ocrx_word' id='word_1_274' title='bbox 1127 3520 1205 3587; x_wconf 85' lang='lat' dir='ltr'><strong>exiit</strong></span> <span class='ocrx_word' id='word_1_275' title='bbox 1227 3517 1447 3602; x_wconf 80' lang='lat' dir='ltr'><strong>proverbium:</strong></span> 
     </span>
     <span class='ocr_line' id='line_1_32' title="bbox 305 3620 1449 3718; baseline -0.01 -20"><span class='ocrx_word' id='word_1_276' title='bbox 305 3631 484 3698; x_wconf 86' lang='lat' dir='ltr'><strong>Alexander</strong></span> <span class='ocrx_word' id='word_1_277' title='bbox 506 3630 680 3717; x_wconf 84' lang='lat' dir='ltr'><strong>Diogenem</strong></span> <span class='ocrx_word' id='word_1_278' title='bbox 702 3633 803 3718; x_wconf 83' lang='lat' dir='ltr'><strong>gradu</strong></span> <span class='ocrx_word' id='word_1_279' title='bbox 826 3653 882 3697; x_wconf 87' lang='lat' dir='ltr'><strong>suo</strong></span> <span class='ocrx_word' id='word_1_280' title='bbox 911 3629 1031 3695; x_wconf 85' lang='lat' dir='ltr'><strong>divitiis</strong></span> <span class='ocrx_word' id='word_1_281' title='bbox 1063 3628 1181 3714; x_wconf 88' lang='lat' dir='ltr'><strong>pellere</strong></span> <span class='ocrx_word' id='word_1_282' title='bbox 1210 3623 1368 3702; x_wconf 81' lang='lat' dir='ltr'><strong>tentarit,</strong></span> <span class='ocrx_word' id='word_1_283' title='bbox 1398 3620 1449 3686; x_wconf 91' lang='lat' dir='ltr'><strong>sed</strong></span> 
     </span>
     <span class='ocr_line' id='line_1_33' title="bbox 307 3725 1449 3823; baseline -0.012 -18"><span class='ocrx_word' id='word_1_284' title='bbox 307 3739 437 3805; x_wconf 88' lang='lat' dir='ltr'><strong>celerius</strong></span> <span class='ocrx_word' id='word_1_285' title='bbox 460 3737 556 3802; x_wconf 88' lang='lat' dir='ltr'><strong>armis</strong></span> <span class='ocrx_word' id='word_1_286' title='bbox 582 3735 714 3802; x_wconf 90' lang='lat' dir='ltr'><strong>Darium</strong></span> <span class='ocrx_word' id='word_1_287' title='bbox 746 3737 852 3823; x_wconf 87' lang='lat' dir='ltr'><strong>potuit</strong></span> <span class='ocrx_word' id='word_1_288' title='bbox 874 3735 991 3821; x_wconf 88' lang='lat' dir='ltr'><strong>pellere</strong></span> <span class='ocrx_word' id='word_1_289' title='bbox 1015 3733 1115 3820; x_wconf 86' lang='lat' dir='ltr'><strong>gradu</strong></span> <span class='ocrx_word' id='word_1_290' title='bbox 1138 3753 1194 3796; x_wconf 85' lang='lat' dir='ltr'><strong>suo</strong></span> <span class='ocrx_word' id='word_1_291' title='bbox 1216 3729 1314 3814; x_wconf 89' lang='lat' dir='ltr'><strong>regio.</strong></span> <span class='ocrx_word' id='word_1_292' title='bbox 1360 3725 1449 3792; x_wconf 92' lang='lat' dir='ltr'><strong>Ideo-</strong></span> 
     </span>
    </p>
   </div>
   <div class='ocr_carea' id='block_1_3' title="bbox 268 3833 1453 4455">
    <p class='ocr_par' dir='ltr' id='par_1_3' title="bbox 268 3833 1453 4455">
     <span class='ocr_line' id='line_1_34' title="bbox 308 3833 1450 3929; baseline -0.013 -19"><span class='ocrx_word' id='word_1_293' title='bbox 308 3867 368 3929; x_wconf 90' lang='lat' dir='ltr'><strong>que</strong></span> <span class='ocrx_word' id='word_1_294' title='bbox 391 3845 437 3910; x_wconf 92' lang='lat' dir='ltr'><strong>ait</strong></span> <span class='ocrx_word' id='word_1_295' title='bbox 458 3842 575 3909; x_wconf 83' lang='lat' dir='ltr'><strong>Seneca</strong></span> <span class='ocrx_word' id='word_1_296' title='bbox 595 3843 643 3910; x_wconf 90' lang='lat' dir='ltr'><strong>Li.</strong></span> <span class='ocrx_word' id='word_1_297' title='bbox 667 3840 714 3907; x_wconf 85' lang='lat' dir='ltr'><strong>V⁰</strong></span> <span class='ocrx_word' id='word_1_298' title='bbox 736 3843 774 3908; x_wconf 90' lang='lat' dir='ltr'><strong>de</strong></span> <span class='ocrx_word' id='word_1_299' title='bbox 796 3841 965 3919; x_wconf 89' lang='lat' dir='ltr'><strong>beneficiis,</strong></span> <span class='ocrx_word' id='word_1_300' title='bbox 990 3840 1072 3926; x_wconf 90' lang='lat' dir='ltr'><strong>quod</strong></span> <span class='ocrx_word' id='word_1_301' title='bbox 1095 3837 1253 3922; x_wconf 81' lang='lat' dir='ltr'><strong>Diogenes</strong></span> <span class='ocrx_word' id='word_1_302' title='bbox 1275 3833 1378 3898; x_wconf 88' lang='lat' dir='ltr'><strong>multo</strong></span> <span class='ocrx_word' id='word_1_303' title='bbox 1393 3854 1450 3916; x_wconf 94' lang='lat' dir='ltr'><strong>po-</strong></span> 
     </span>
     <span class='ocr_line' id='line_1_35' title="bbox 308 3937 1451 4034; baseline -0.013 -18"><span class='ocrx_word' id='word_1_304' title='bbox 308 3950 427 4016; x_wconf 85' lang='lat' dir='ltr'><strong>tentior</strong></span> <span class='ocrx_word' id='word_1_305' title='bbox 450 3953 481 4014; x_wconf 91' lang='lat' dir='ltr'><strong>et</strong></span> <span class='ocrx_word' id='word_1_306' title='bbox 505 3943 691 4034; x_wconf 81' lang='lat' dir='ltr'><strong>locupletior</strong></span> <span class='ocrx_word' id='word_1_307' title='bbox 721 3947 784 4012; x_wconf 84' lang='lat' dir='ltr'><strong>fuit</strong></span> <span class='ocrx_word' id='word_1_308' title='bbox 806 3947 988 4012; x_wconf 84' lang='lat' dir='ltr'><strong>Alexandro</strong></span> <span class='ocrx_word' id='word_1_309' title='bbox 1010 3945 1118 4010; x_wconf 91' lang='lat' dir='ltr'><strong>omnia</strong></span> <span class='ocrx_word' id='word_1_310' title='bbox 1140 3940 1331 4026; x_wconf 89' lang='lat' dir='ltr'><strong>possidente.</strong></span> <span class='ocrx_word' id='word_1_311' title='bbox 1376 3937 1451 4004; x_wconf 87' lang='lat' dir='ltr'><strong>Plus</strong></span> 
     </span>
     <span class='ocr_line' id='line_1_36' title="bbox 268 4044 1450 4148; baseline -0.012 -28"><span class='ocrx_word' id='word_1_312' title='bbox 268 4081 294 4120; x_wconf 81' lang='lat' dir='ltr'><strong>ss</strong></span> <span class='ocrx_word' id='word_1_313' title='bbox 307 4057 484 4148; x_wconf 52' lang='lat' dir='ltr'><strong>enirn‘erat</strong></span> <span class='ocrx_word' id='word_1_314' title='bbox 505 4053 547 4132; x_wconf 92' lang='lat' dir='ltr'><strong>id,</strong></span> <span class='ocrx_word' id='word_1_315' title='bbox 571 4053 654 4137; x_wconf 92' lang='lat' dir='ltr'><strong>quod</strong></span> <span class='ocrx_word' id='word_1_316' title='bbox 677 4053 777 4118; x_wconf 89' lang='lat' dir='ltr'><strong>nollet</strong></span> <span class='ocrx_word' id='word_1_317' title='bbox 788 4051 938 4136; x_wconf 87' lang='lat' dir='ltr'><strong>accipere,</strong></span> <span class='ocrx_word' id='word_1_318' title='bbox 963 4072 1058 4134; x_wconf 88' lang='lat' dir='ltr'><strong>quam</strong></span> <span class='ocrx_word' id='word_1_319' title='bbox 1079 4047 1160 4135; x_wconf 90' lang='lat' dir='ltr'><strong>quod</strong></span> <span class='ocrx_word' id='word_1_320' title='bbox 1178 4046 1232 4110; x_wconf 90' lang='lat' dir='ltr'><strong>ille</strong></span> <span class='ocrx_word' id='word_1_321' title='bbox 1246 4049 1353 4129; x_wconf 89' lang='lat' dir='ltr'><strong>posset</strong></span> <span class='ocrx_word' id='word_1_322' title='bbox 1368 4044 1450 4108; x_wconf 88' lang='lat' dir='ltr'><strong>dare.</strong></span> 
     </span>
     <span class='ocr_line' id='line_1_37' title="bbox 307 4149 1449 4240; baseline -0.011 -16"><span class='ocrx_word' id='word_1_323' title='bbox 307 4159 349 4224; x_wconf 83' lang='lat' dir='ltr'><strong>Et</strong></span> <span class='ocrx_word' id='word_1_324' title='bbox 371 4158 427 4222; x_wconf 91' lang='lat' dir='ltr'><strong>illc</strong></span> <span class='ocrx_word' id='word_1_325' title='bbox 449 4157 500 4222; x_wconf 90' lang='lat' dir='ltr'><strong>die</strong></span> <span class='ocrx_word' id='word_1_326' title='bbox 522 4157 622 4222; x_wconf 88' lang='lat' dir='ltr'><strong>victus</strong></span> <span class='ocrx_word' id='word_1_327' title='bbox 644 4156 708 4221; x_wconf 88' lang='lat' dir='ltr'><strong>fuit</strong></span> <span class='ocrx_word' id='word_1_328' title='bbox 730 4156 919 4233; x_wconf 83' lang='lat' dir='ltr'><strong>Alexander,</strong></span> <span class='ocrx_word' id='word_1_329' title='bbox 943 4155 1019 4240; x_wconf 91' lang='lat' dir='ltr'><strong>quia</strong></span> <span class='ocrx_word' id='word_1_330' title='bbox 1042 4153 1123 4218; x_wconf 88' lang='lat' dir='ltr'><strong>vidit</strong></span> <span class='ocrx_word' id='word_1_331' title='bbox 1137 4151 1307 4227; x_wconf 89' lang='lat' dir='ltr'><strong>hominem,</strong></span> <span class='ocrx_word' id='word_1_332' title='bbox 1330 4149 1381 4214; x_wconf 89' lang='lat' dir='ltr'><strong>cui</strong></span> <span class='ocrx_word' id='word_1_333' title='bbox 1394 4168 1449 4212; x_wconf 81' lang='lat' dir='ltr'><strong>uec</strong></span> 
     </span>
     <span class='ocr_line' id='line_1_38' title="bbox 309 4252 1453 4347; baseline -0.01 -19"><span class='ocrx_word' id='word_1_334' title='bbox 309 4264 382 4328; x_wconf 90' lang='lat' dir='ltr'><strong>dare</strong></span> <span class='ocrx_word' id='word_1_335' title='bbox 405 4267 509 4347; x_wconf 89' lang='lat' dir='ltr'><strong>posset</strong></span> <span class='ocrx_word' id='word_1_336' title='bbox 530 4262 702 4346; x_wconf 85' lang='lat' dir='ltr'><strong>quidquam</strong></span> <span class='ocrx_word' id='word_1_337' title='bbox 717 4283 774 4327; x_wconf 91' lang='lat' dir='ltr'><strong>nec</strong></span> <span class='ocrx_word' id='word_1_338' title='bbox 789 4260 922 4326; x_wconf 88' lang='lat' dir='ltr'><strong>auferre.</strong></span> <span class='ocrx_word' id='word_1_339' title='bbox 968 4258 1046 4325; x_wconf 86' lang='lat' dir='ltr'><strong>Haec</strong></span> <span class='ocrx_word' id='word_1_340' title='bbox 1069 4258 1153 4324; x_wconf 88' lang='lat' dir='ltr'><strong>enim</strong></span> <span class='ocrx_word' id='word_1_341' title='bbox 1176 4252 1363 4338; x_wconf 90' lang='lat' dir='ltr'><strong>temporalia</strong></span> <span class='ocrx_word' id='word_1_342' title='bbox 1378 4253 1453 4317; x_wconf 85' lang='lat' dir='ltr'><strong>vilia</strong></span> 
     </span>
     <span class='ocr_line' id='line_1_39' title="bbox 308 4357 1453 4455; baseline -0.011 -22"><span class='ocrx_word' id='word_1_343' title='bbox 308 4368 500 4455; x_wconf 87' lang='lat' dir='ltr'><strong>reputabant</strong></span> <span class='ocrx_word' id='word_1_344' title='bbox 517 4366 735 4453; x_wconf 90' lang='lat' dir='ltr'><strong>philosophi..</strong></span> <span class='ocrx_word' id='word_1_345' title='bbox 758 4365 850 4433; x_wconf 89' lang='lat' dir='ltr'><strong>Unde</strong></span> <span class='ocrx_word' id='word_1_346' title='bbox 871 4365 999 4449; x_wconf 88' lang='lat' dir='ltr'><strong>qnidam</strong></span> <span class='ocrx_word' id='word_1_347' title='bbox 1023 4360 1228 4449; x_wconf 89' lang='lat' dir='ltr'><strong>philosophus</strong></span> <span class='ocrx_word' id='word_1_348' title='bbox 1250 4357 1355 4439; x_wconf 82' lang='lat' dir='ltr'><strong>flevit,</strong></span> <span class='ocrx_word' id='word_1_349' title='bbox 1379 4357 1453 4442; x_wconf 89' lang='lat' dir='ltr'><strong>quia</strong></span> 
     </span>
    </p>
   </div>
   <div class='ocr_carea' id='block_1_4' title="bbox 0 0 1585 4962">
    <p class='ocr_par' dir='ltr' id='par_1_4' title="bbox 0 0 1585 4962">
     <span class='ocr_line' id='line_1_40' title="bbox 0 0 1585 4962; baseline 0 0"><span class='ocrx_word' id='word_1_350' title='bbox 0 0 1585 4962; x_wconf 95' lang='lat' dir='ltr'><strong> </strong></span> 
     </span>
    </p>
   </div>
  </div>
 </body>
</html>
