3066 4938
665 313 723 376 121

114 488 202 571 apud
223 486 431 552 Tridentium
454 486 587 564 indixit,
610 486 716 569 cujus,
749 507 841 570 quem
865 483 999 569 ipsemet
1020 486 1165 549 futurum
1188 506 1269 568 pree*

115 593 240 658 videret
261 597 293 657 et
315 592 462 676 optabat,
487 592 513 656 is
536 590 600 655 luit
622 591 735 656 exitus.
782 591 951 673 Quousque
974 589 1101 686 leudem
1125 577 1269 655 luditica-

114 697 194 762 bitis
216 697 325 761 orbem
347 700 505 761 terrerum
535 699 567 758 et
594 696 628 758 in
658 695 770 778 primis
801 695 901 778 ipsein
925 693 1155 760 Germaniam?
1200 693 1269 759 Etsi

117 824 183 886 prae
205 803 317 867 ceteris
340 802 490 886 gentibus
505 801 628 885 ingenii
643 800 768 864 leudem
783 799 872 864 vobis
895 800 1052 884 arrogatis
1073 803 1105 864 et
1127 821 1268 878 acumen,

117 907 348 992 intelliguntur
378 908 485 971 temen
515 905 702 970 eberberis
726 903 892 969 Germanis
915 909 1026 970 veetroe
1056 903 1198 982 technae,
1233 925 1270 970 ec

10 1047 12 1102 g
115 1013 163 1077 ita
186 1013 313 1096 quidem
327 1033 456 1096 prorsus
472 1011 707 1096 intelliguntur,
731 1014 778 1086 nt,
794 1010 917 1094 quoties
933 1008 1060 1074 concilii
1075 1009 1269 1074 mentionem

115 1118 287 1201 spargitis,
322 1115 492 1180 ludibrium
523 1136 590 1180 esse
611 1120 727 1199 putent
748 1094 876 1192 dmnes,
909 1115 956 1178 vel
981 1113 1131 1180 mediocri
1149 1113 1269 1196 judicio

10 1285 11 1288 ,
116 1221 260 1306 praediti,
292 1221 337 1286 sic
359 1221 444 1285 enirn
464 1222 529 1304 jem
553 1224 758 1285 assueverunt
780 1220 893 1284 vestris
916 1219 1048 1284 artibus.
1095 1216 1176 1294 Quia
1205 1239 1270 1282 non

117 1327 257 1420 multum
279 1348 335 1390 vos
357 1349 377 1390 c
396 1326 573 1410 praecipitio
595 1325 713 1390 distare
734 1325 857 1401 videtis,
881 1325 951 1390 ideo
973 1322 1215 1407 circumspicitis
1239 1325 1271 1386 ct

116 1430 320 1516 investigetis
342 1451 537 1515 quaecunque
559 1431 692 1514 potestis
715 1429 909 1495 diverticula.

116 1537 181 1602 Gur
204 1540 310 1600 antem
333 1535 549 1600 criminamini
570 1539 691 1600 vestros
715 1535 926 1610 adversarios,
963 1533 1053 1617 quasi
1079 1533 1181 1598 multo
1204 1532 1271 1597 sint

117 1641 317 1704 nocentiores
351 1640 420 1704 orbi
452 1638 634 1704 Christiano
668 1661 763 1723 quem
797 1639 860 1722 ipsi
890 1638 1023 1702 Turcae?
1067 1634 1154 1703 Num
1190 1636 1269 1716 ideo,

117 1745 271 1829 quoniam
294 1745 412 1828 optatis
435 1748 509 1808 ante
524 1744 689 1808 'I'urcicam
710 1743 941 1827 expeditionem
965 1743 1037 1807 illos
1059 1741 1197 1827 opprimi
1219 1745 1270 1806 to·

117 1855 167 1914 tos
192 1852 226 1913 et
249 1850 345 1914 deleri
368 1849 538 1914 funditus?
582 1847 745 1914 Nimirum
775 1871 811 1912 eo
838 1848 979 1932 pertinet
1001 1847 1167 1912 consilium
1191 1845 1270 1911 illud

117 1959 281 2034 restrum,
316 1955 405 2038 cujus
434 1959 528 2018 antee
556 1954 780 2032 meminimus,
814 1959 851 2018 ul
874 1953 975 2018 foedus
998 1952 1162 2017 adversum
1186 1952 1270 2036 ipsos

116 2061 236 2124 initum
259 2045 422 2144 augeatur.
454 2059 572 2123 Verum
596 2059 657 2144 ipsi
680 2059 757 2124 adeo
780 2081 844 2123 non
867 2057 1077 2123 reformident
1098 2057 1210 2136 lucem,
1233 2061 1270 2122 ut

10 2205 11 2212 ,
117 2165 201 2229 nihil
224 2166 327 2249 magis
349 2165 500 2248 cupient,
532 2185 628 2246 quem
658 2164 762 2247 pelam
790 2163 880 2241 fieri,
916 2184 1011 2228 vosne
1043 2185 1082 2228 an
1116 2163 1176 2246 ipsi
1199 2163 1271 2246 plus

116 2275 255 2335 noeeent
277 2269 467 2354 reipublicae.
520 2267 593 2333 Jam
617 2268 694 2334 olim
718 2269 756 2332 ad
779 2268 839 2333 hoc
862 2273 1022 2333 certamen
1044 2290 1099 2332 vos
1120 2267 1271 2346 invitant,

119 2380 152 2441 ct
175 2375 312 2460 cupiunt
332 2373 508 2459 periculum
531 2372 651 2450 fecere,
675 2373 728 2438 sed
752 2394 817 2450 vos,
841 2373 916 2437 dum
940 2373 978 2436 ad
1001 2372 1164 2456 publicum
1186 2372 1272 2438 orbis

121 2481 288 2547 comitium
317 2501 383 2544 rem
412 2499 538 2543 omnem
570 2477 720 2562 rejicitis,
754 2478 836 2543 mele
857 2478 946 2543 vobis
977 2477 1141 2542 consultis.
1187 2475 1272 2544 Nem

692 2615 709 2652 ᾗ

10 2775 12 2830 Ξ
118 2723 244 2788 L'issue
268 2721 305 2786 de
328 2744 362 2786 ce
379 2721 506 2787 Concile
527 2722 579 2786 fut
601 2721 676 2787 telle
699 2722 776 2806 qu'il
801 2721 901 2786 scvoit
917 2725 1122 2806 superarent,
1146 2726 1179 2787 et
1193 2723 1272 2807 qu'il

10 2901 11 2906 γ
119 2831 208 2896 evoit
230 2850 373 2912 preveue.

687 2965 706 3006 *

10 3089 12 3160 g
119 3071 263 3138 Concilio
286 3094 324 3136 en
349 3072 477 3137 Trento.
524 3071 563 3135 El
594 3071 669 3156 qnnl
699 3075 774 3136 turo
804 3073 836 3138 le
858 3072 904 3137 fin
926 3095 987 3156 quc
1008 3074 1036 3137 el
1061 3093 1179 3138 mesmo
1202 3072 1272 3140 avia

10 3167 12 3234 l
118 3177 354 3262 pronostieedo,
377 3201 398 3262 y
419 3177 574 3244 desecare.

689 3314 707 3354 *

10 3473 11 3484 2
210 3423 368 3488 Wnrumb
390 3422 506 3507 gebent
529 3419 580 3485 ihr
596 3421 671 3486 eber
686 3419 748 3498 fflr,
773 3419 827 3484 des
844 3441 942 3486 ewere
958 3420 1195 3507 widerwertige,
1220 3421 1275 3486 der

117 3528 340 3598 Christenheit
370 3527 566 3592 schellieher
597 3526 708 3604 seind,
744 3525 828 3592 daun
857 3525 907 3590 <lie
938 3525 1108 3590 Γ1111111111
1143 3526 1200 3590 ists
1225 3525 1275 3590 nit

116 3633 265 3710 durumb,
289 3633 345 3696 des
368 3631 396 3694 ir
418 3652 475 3695 vor
496 3630 566 3694 dem
590 3629 734 3694 Tlirclren
759 3649 828 3713 nug,
854 3629 908 3694 des
930 3615 990 3693 end
1013 3651 1092 3714 geru
1115 3631 1175 3696 mit
1197 3630 1271 3694 incn

117 3740 217 3805 sehen
240 3736 384 3814 uellent,
409 3735 529 3800 dieweil
552 3735 597 3798 sie
619 3735 695 3799 euch
719 3755 754 3798 so
776 3733 850 3798 herl
874 3734 1028 3819 enligen?
1054 3733 1109 3798 dns
1132 3727 1274 3798 miscent

10 3827 12 3840 ¹
117 3847 146 3910 ir
164 3845 201 3928 js
222 3842 401 3918 belrennen,
425 3840 521 3905 vorsb
544 3861 578 3903 so
595 3839 623 3902 ir
638 3840 671 3904 in
687 3840 907 3924 obgemcltem,
931 3860 1062 3904 ewerem
1078 3837 1272 3922 rsthschlng,

117 3949 220 4014 neben
246 3946 397 4022 anderrn,
421 3945 500 4008 auch
523 3948 665 4008 ermenet
688 3945 742 4008 des
766 3943 1022 4028 gegcnbindtnts
1045 3945 1082 4007 111
1105 3942 1275 4006 stercker?

118 4052 205 4128 Nun,
231 4051 273 4116 ob
296 4051 352 4127 sie,
375 4049 449 4114 oder
471 4049 547 4116 uber
569 4049 614 4126 ir,
640 4049 692 4114 der
717 4049 933 4114 Christenheit
954 4047 1151 4114 schiidlieher
1173 4047 1272 4125 seind,

118 4159 205 4222 denn
230 4156 286 4219 der
309 4149 434 4232 Tdrclr,
466 4155 520 4219 des
542 4154 655 4218 wdllen
677 4153 724 4217 sie
747 4157 882 4219 erdrtert
905 4153 1026 4232 huben,
1061 4152 1126 4218 und
1148 4151 1275 4215 hettens

119 4283 197 4346 gem
220 4261 300 4345 lang
322 4257 497 4324 verstchet.
543 4258 687 4324 wollent
720 4259 772 4324 ihr
805 4259 880 4324 incn
912 4259 987 4324 aber
1016 4259 1058 4322 zil
1089 4258 1189 4343 geben
1220 4255 1275 4320 bill

119 4371 191 4432 nllrn
214 4363 369 4442 Concilio,
394 4385 427 4427 so
449 4363 546 4429 thone
568 4365 620 4429 ihr
642 4363 738 4429 wider
761 4364 840 4430 euch
862 4364 964 4445 solbs,
995 4363 1081 4430 deun
1108 4365 1142 4429 in
1165 4361 1272 4428 mitler
