3172 4958
845 326 887 390 38

292 504 422 565 ventoso
452 499 567 584 spiritu
600 497 773 584 gloriaris?
802 495 958 576 Attend'e,
994 520 1090 582 quam
1119 499 1271 564 damnosa
1300 499 1344 563 sit
1375 498 1442 581 ejus

293 605 464 690 conceptio,
489 625 625 687 namque
646 603 679 668 in
703 625 740 668 ee
761 604 889 689 genitus
912 603 940 668 is
961 604 1202 669 stabilissimam
1225 608 1343 669 terram
1364 624 1440 667 con-

292 709 393 787 cutit,
414 707 513 772 nubes
537 709 655 792 aperit,
689 709 809 774 viscera
831 708 948 774 scindit
970 713 1002 772 et
1031 729 1143 772 nervos
1165 707 1291 773 letifero
1313 728 1441 792 spasmo

292 813 402 880 trahit.
448 811 568 878 Emitte
599 834 675 898 orgo
700 835 737 877 ex
759 815 792 878 te
814 813 1018 879 exaltationis
1041 812 1259 897 corruptiferae
1281 813 1441 876 flammam

204 921 208 932 '
266 921 325 982 cet
347 938 411 982 non
420 917 548 982 amittes
557 917 789 1002 putrefactione
803 919 825 953 ¹·
838 918 1060 994 substantiam.
1107 916 1175 993 Quo
1197 919 1283 983 dicto
1298 917 1441 982 inflatam

292 1021 431 1106 reliquit.

412 1213 564 1282 Contra
586 1237 653 1281 eos
675 1215 743 1299 qui
766 1236 809 1280 se
831 1213 1098 1299 dignificant
1121 1215 1320 1279 maximis.

544 1372 603 1439 De
624 1373 742 1438 hirco
765 1377 803 1436 et
826 1373 1032 1451 erinacio,
1054 1393 1121 1455 eep.
1147 1377 1176 1436 3.

381 1493 498 1560 Hircus
528 1497 567 1560 ad
600 1495 721 1562 fontem
752 1495 882 1561 veniens
912 1499 949 1558 ut
979 1494 1123 1560 ardentia
1153 1495 1209 1558 siti
1239 1493 1444 1579 refrigeraret

256 1619 281 1656 ιο
296 1597 438 1676 interna,
471 1601 620 1684 conjectis
652 1599 751 1665 oculis
783 1600 909 1684 quidem
933 1600 966 1662 in
989 1599 1115 1664 laticem
1138 1600 1243 1663 nitore
1265 1597 1444 1681 fulgentem

293 1701 535 1767 similitudinem
558 1705 664 1768 vultus
687 1705 753 1782 sui,
786 1726 882 1787 quam
916 1705 950 1766 in
973 1725 1045 1768 eum
1067 1703 1217 1767 emiserat
1238 1701 1444 1767 reverberan-

293 1806 379 1870 tibus
403 1808 465 1872 rivi
476 1807 622 1891 speculis,
645 1831 718 1873 mox
739 1809 886 1892 suscepit,
910 1829 1045 1891 cumque
1058 1807 1189 1872 vidisset
1205 1808 1279 1872 altis
1295 1809 1444 1870 ornatum

294 1912 441 1976 cornibus
464 1916 560 1996 caput
582 1917 676 1998 atque
700 1919 882 1998 protensam
904 1913 1017 1979 faciem
1041 1911 1139 1977 barba
1161 1913 1328 1996 pendente,
1351 1912 1445 1976 corde

293 2015 389 2079 hilari
412 2037 518 2080 vocem
541 2019 761 2083 exsultationis
785 2019 899 2083 emisit.
945 2017 997 2084 Sic
1020 2018 1146 2102 quidem
1170 2019 1266 2101 coepit
1288 2021 1321 2080 et
1336 2015 1443 2100 digni-

255 2139 280 2176 ιι
294 2117 387 2182 ficare
410 2140 443 2182 se
466 2121 612 2186 maximis
642 2123 766 2188 dicens:
801 2145 896 2206 quam
928 2123 1074 2187 decenter
1103 2122 1245 2186 eminens
1277 2123 1377 2184 staret
1408 2120 1443 2182 in

294 2227 425 2287 cornuto
448 2227 551 2309 eapite
572 2248 687 2292 corona
708 2229 863 2312 pavoniea
896 2233 929 2292 et
951 2231 1101 2311 torquata
1122 2228 1227 2290 cervix
1250 2247 1345 2308 qnam
1367 2245 1444 2288 oon-

293 2327 457 2392 venienter
479 2330 678 2397 descenderet
701 2333 780 2398 facie
803 2333 862 2397 sub
885 2332 1034 2397 barbata!
1069 2332 1169 2409 Quem
1202 2351 1274 2395 cum
1304 2329 1445 2394 audisset
1554 2351 1556 2426 p

294 2433 472 2498 erinacius²
489 2441 620 2502 stanset
635 2439 702 2521 ipse
717 2438 751 2500 in
765 2437 863 2516 fonte,
890 2438 999 2503 derisit
1016 2441 1174 2502 amentem
1190 2440 1222 2500 et
1242 2435 1340 2501 dixit:
1363 2457 1392 2514 o,
1416 2435 1446 2498 si
1555 2485 1556 2512 ,

293 2539 366 2618 post
388 2541 513 2624 tergum
537 2542 643 2607 oeulos
665 2542 814 2620 haberes,
847 2564 965 2608 corono
996 2546 1029 2622 et
1049 2546 1163 2624 torque
1185 2545 1216 2604 te
1238 2540 1327 2605 nullo
1350 2539 1445 2604 modo

255 2663 280 2700 ao
294 2641 503 2727 dignificares.
548 2645 710 2711 Nimirum
733 2647 854 2712 videres
874 2647 1040 2712 caudelam
1072 2646 1262 2730 pendentem
1292 2649 1380 2709 tuam
1412 2649 1445 2708 et

295 2767 368 2809 mox
399 2747 585 2814 humiliatus
613 2751 652 2815 de
682 2753 808 2817 fatuoso
838 2753 941 2836 capite
971 2773 1104 2835 poneres
1128 2750 1317 2834 jactantiam
1340 2753 1441 2814 tuam.

295 2851 340 2915 Ut
364 2853 439 2935 quid
460 2857 493 2918 te
508 2855 672 2939 dignifioas
688 2857 835 2922 maximis
859 2862 891 2922 et
905 2857 1015 2941 magni
1031 2855 1142 2941 pendis
1158 2855 1318 2920 miseriam
1333 2855 1445 2918 tuam?

295 2953 381 3020 Pone
403 2961 435 3020 te
457 2957 491 3021 in
514 2959 597 3024 libra
619 2961 749 3044 justitiae
771 2965 804 3025 et
818 2967 897 3026 tunc
913 2961 1095 3044 prospicies,
1117 2960 1230 3042 quanti
1245 2981 1287 3026 es.
1321 2957 1446 3042 Nempe

200 3071 212 3084 “
295 3061 460 3144 pugillus³
483 3067 628 3142 esterrae,
651 3070 688 3130 ut
711 3066 787 3150 quid
802 3070 835 3130 te
850 3065 993 3130 extendis
1009 3065 1044 3129 in
1060 3065 1184 3149 regna?
1209 3063 1332 3127 Favilla
1347 3063 1444 3147 ignis,

257 3185 282 3224 ns
297 3186 394 3248 quare
422 3171 454 3232 te
476 3169 572 3255 erigis
594 3192 689 3254 super
711 3171 844 3235 stellas?
874 3169 976 3235 Porro
1007 3170 1035 3233 si
1066 3173 1098 3233 te
1129 3168 1238 3254 magni
1269 3169 1443 3245 existimas,

296 3292 366 3336 cum
390 3271 432 3335 sis
455 3275 554 3356 parvi,
580 3279 613 3339 at
636 3274 775 3340 tentabis
800 3276 919 3358 majora
942 3279 974 3340 et
997 3273 1247 3338 insufficientem
1270 3295 1344 3337 mox
1366 3293 1444 3336 con·

295 3374 431 3441 fundent
453 3381 484 3442 te
499 3379 647 3457 maxima,
670 3381 723 3444 sed
741 3381 768 3445 si
783 3381 874 3465 parvi
897 3381 1008 3464 pendis
1031 3384 1063 3444 te
1083 3380 1198 3462 ipsum,
1220 3377 1338 3461 ubique
1355 3381 1446 3441 tutus

296 3479 368 3558 eris,
392 3483 542 3564 quoniam
564 3485 729 3549 humilitas
753 3485 839 3569 parit
861 3485 1019 3561 timorem,
1043 3484 1141 3547 timor
1161 3487 1311 3567 procurat
1326 3482 1445 3546 securi-

296 3586 395 3647 tatem
425 3590 457 3649 et
479 3585 546 3653 haec
567 3590 704 3653 custodit
732 3591 876 3654 salutem.
921 3588 1041 3654 Verum
1063 3589 1089 3654 si
1116 3592 1148 3652 te
1170 3587 1244 3652 altis
1268 3587 1446 3671 dignificas,¹

256 3688 358 3772 tojam
382 3709 544 3757 mensuras
567 3697 599 3758 et
618 3693 741 3777 judicas
764 3695 934 3778 teipsum.
981 3693 1091 3769 Quaeso
1114 3693 1225 3777 igitur,
1249 3696 1286 3755 ut
1302 3691 1446 3774 sequaris

296 3815 461 3860 commune
473 3797 542 3880 jus,
566 3798 627 3864 hoo
649 3803 754 3863 autem
777 3799 931 3883 praeoipit,
956 3801 1047 3863 utin
1068 3798 1187 3882 jndicio
1211 3819 1275 3862 non
1299 3797 1446 3862 credetur

296 3899 351 3962 uni
364 3921 422 3965 nec
432 3901 638 3966 aliouiminus
649 3924 741 3987 quam
752 3903 813 3969 sibi
824 3904 861 3968 de
876 3905 977 3968 bonis.
1010 3901 1049 3967 In
1064 3924 1117 3968 ore
1133 3903 1287 3987 siquidem
1304 3902 1443 3986 plurium

295 4003 357 4070 lide
379 4005 562 4070 roboratum
585 4011 650 4072 stat
671 4008 803 4073 verbum
825 4014 858 4073 et
880 4009 1082 4074 dilectionem
1104 4008 1206 4092 magis
1229 4029 1324 4091 quem
1345 4007 1445 4070 ratio·

296 4132 370 4176 nem
392 4113 503 4176 motus
524 4112 643 4197 linguce
672 4117 819 4180 sectatur.
866 4112 972 4177 Nimis
1003 4133 1079 4198 ergo
1113 4118 1145 4176 et
1177 4113 1382 4176 immoderate
1412 4115 1446 4174 te
1520 4167 1523 4170 ,

860 4233 878 4273 s

368 4318 382 4458 ἲ
402 4318 526 4374 Andere:
546 4317 649 4373 senties
667 4274 890 4388 putrefactionis.
947 4319 1107 4375 2Andere:
1126 4318 1233 4374 ericius.
1285 4315 1444 4376 annuere:

293 4402 369 4476 pusil
382 4420 423 4458 us.
