3146 4962
667 371 727 432 241

129 541 256 607 choavit
277 545 310 606 et
330 541 416 606 ultra
439 542 521 607 vires
542 563 632 620 suas,
664 547 699 605 ut
731 541 831 627 inagis
854 545 934 605 esset
956 539 1119 619 laudatus,
1146 561 1270 606 currere

130 648 234 731 acepit
281 645 402 712 Idcirco
425 652 551 712 tantum
574 648 714 712 cucurrit
736 651 769 711 et
791 646 909 722 salivit,
932 647 1013 730 quod
1036 667 1069 710 se
1091 649 1194 710 totum
1217 646 1270 710 de-

130 751 260 817 molitus
284 755 350 828 est,
381 772 438 834 pro
470 772 533 834 quo
562 752 674 817 cecidit
708 758 739 815 et
770 751 941 835 exspiravit
969 751 1092 817 dicens:
1126 752 1158 815 id
1188 752 1272 836 quod

131 858 255 933 scimus,
278 856 324 920 sic
338 859 509 940 patremus,
532 857 616 939 quod
639 877 801 940 nunquam
817 878 875 920 nos
891 859 1056 920 vastemus.
1102 855 1154 920 Ita
1168 860 1200 920 ct
1214 877 1272 921 nos

106 979 179 1040 bea,
203 982 272 1044 quae
293 960 426 1025 facimus
449 963 635 1040 eiecimus,
666 962 711 1026 sic
733 983 825 1047 agere
848 962 980 1026 discrete
1001 961 1166 1039 debemus,
1189 961 1273 1044 quod

133 1087 265 1151 corpora
296 1069 405 1130 nostra
436 1071 468 1131 et
497 1068 640 1132 membra
672 1089 734 1131 non
767 1067 972 1131 destruamus.
1019 1065 1076 1130 Ait
1098 1066 1182 1130 enim
1204 1065 1271 1130 Au·

17 1175 20 1180 “
133 1171 295 1257 gostinus:
328 1172 361 1234 in
385 1173 510 1256 regula,
537 1172 593 1256 qui
622 1193 746 1237 carnem
769 1193 858 1236 suam
880 1194 975 1256 supra
998 1171 1125 1236 modum
1147 1169 1272 1256 affligit,

133 1275 233 1340 civem
256 1297 347 1340 suum
370 1276 492 1342 occidit.
539 1276 628 1341 'lunc
649 1277 734 1341 enim
756 1276 851 1341 homo
873 1277 988 1343 occidit
1009 1279 1108 1342 civem
1127 1297 1219 1340 suum
1242 1275 1273 1338 id

133 1383 181 1444 est
204 1401 315 1463 eorpus
338 1402 445 1460 suum,
479 1402 549 1446 eum
579 1382 682 1465 ipsum
712 1386 865 1467 aggravat
894 1387 926 1446 et
947 1383 1063 1466 fatigat
1086 1382 1170 1446 ultra
1191 1379 1274 1463 quod

93 1503 120 1540 ιο
133 1483 216 1548 ferre
238 1487 351 1568 potest.
398 1484 489 1550 Unde
511 1485 665 1550 Isidorus:
696 1486 729 1549 in
760 1487 847 1550 omni
874 1506 967 1569 opere
991 1486 1117 1550 modum
1139 1488 1171 1550 et
1193 1490 1273 1549 tem-

135 1593 351 1674 peramentum
374 1593 500 1673 oportet
521 1590 646 1668 habere,
669 1613 741 1654 nam
763 1591 915 1674 quidquid
938 1612 1008 1654 cum
1025 1590 1117 1654 modo
1139 1594 1171 1653 et
1193 1593 1274 1654 bem-
1369 1667 1373 1676 ι

136 1699 318 1778 paramento
339 1694 394 1773 fit,
424 1695 560 1760 salutare
582 1699 648 1774 est,
681 1695 828 1780 quicquid
856 1700 961 1760 autem
991 1695 1086 1759 nimis
1107 1694 1168 1758 erit
1190 1695 1275 1760 ultra

136 1799 278 1876 modum,
310 1800 518 1883 perniciosum
538 1804 596 1864 cst.
641 1799 762 1864 Fabula
784 1807 863 1877 est„
881 1799 962 1883 quod
985 1800 1112 1884 quidam
1135 1798 1275 1882 philoso-

136 1904 217 1988 phus
240 1926 310 1969 cum
332 1904 399 1969 filio
421 1927 478 1970 suo
500 1907 621 1989 positus
651 1909 698 1969 est
724 1905 757 1969 in
780 1907 914 1990 quadam
937 1906 1018 1969 turri
1040 1905 1188 1970 existenti
1210 1903 1276 1968 sola

97 2023 123 2062 ¹⁶
135 2009 170 2072 in
192 2009 280 2074 mari.
326 2009 416 2074 Unde
441 2009 526 2073 filius
548 2011 667 2074 babens
689 2011 816 2074 taedium
838 2011 962 2095 rogavit
985 2015 1125 2094 patrem,
1160 2013 1196 2074 ut
1226 2007 1274 2072 fa-

137 2119 220 2178 ceret
242 2136 313 2179 eum
335 2115 419 2179 exire
441 2115 478 2178 de
500 2115 557 2179 illa
579 2114 771 2198 captivitate,
793 2119 828 2179 at
849 2115 903 2180 ille
925 2115 1047 2178 invenit
1069 2114 1185 2178 multas
1203 2115 1275 2197 plu-

138 2239 205 2284 mas
228 2219 331 2282 avium
354 2223 386 2283 et
408 2240 479 2283 cum
501 2219 569 2303 pice
598 2223 631 2283 et
653 2219 809 2283 bitumine
831 2241 883 2284 eas
905 2219 1066 2304 copulavit
1097 2223 1129 2282 et
1147 2239 1275 2301 compe-

139 2323 188 2407 git
210 2323 270 2387 sibi
293 2329 325 2388 et
346 2324 413 2389 filio
435 2324 520 2400 alas,
551 2329 588 2389 ut
611 2324 753 2388 volarent
775 2328 807 2388 et
830 2325 902 2388 inde
925 2324 1055 2388 exirent.
1102 2323 1190 2387 Inter
1211 2323 1278 2388 hac

138 2429 228 2512 pater
249 2427 355 2494 docuit
376 2428 477 2492 filium
510 2451 601 2493 suum
633 2429 753 2495 dicens:
785 2451 858 2493 cave
888 2429 965 2506 tibi,
996 2451 1035 2492 ne
1067 2427 1151 2492 voles
1182 2428 1278 2492 nimis

98 2546 124 2584 ²⁰
138 2533 217 2612 alte,
241 2555 280 2599 ne
303 2534 468 2598 descendas
491 2535 625 2598 multum
649 2534 792 2611 bassum,
822 2533 875 2597 sed
897 2537 969 2598 tene
993 2533 1146 2611 medium,
1180 2533 1208 2596 si
1231 2533 1277 2596 vis

138 2659 205 2702 esse
227 2636 353 2716 beatus,
384 2639 459 2722 quia
488 2637 630 2714 medium,
655 2642 783 2702 tenuere
811 2638 904 2702 beati.
949 2637 1044 2702 Pater
1075 2637 1121 2701 sic
1149 2637 1224 2701 lecit
1247 2641 1278 2700 et

138 2747 223 2808 recto
245 2745 360 2809 itinere
382 2743 480 2808 exivit
496 2744 533 2807 de
548 2764 680 2822 carcere,
703 2743 788 2807 filius
810 2750 925 2822 sotem,
949 2743 1088 2808 sentiens
1113 2763 1146 2806 ee
1160 2743 1277 2819 volare,

138 2849 230 2913 laetus
252 2851 381 2914 affectus
403 2870 525 2932 semper
548 2848 751 2927 ascendebat,
782 2853 813 2912 st
843 2849 960 2914 factum
991 2853 1058 2926 est,
1088 2849 1171 2932 quod
1193 2848 1279 2913 calor

139 2953 213 3018 solis
235 2953 376 3018 accendit
398 2953 521 3036 plumas
543 2957 576 3017 et
599 2953 782 3030 consumsit,
805 2955 904 3017 etsie
926 2955 1038 3018 cadens
1060 2960 1203 3018 mortuus
1220 2956 1277 3016 est.

101 3055 231 3123 eunde
254 3058 448 3124 Bernardua:
471 3064 544 3123 tene
565 3058 712 3138 medinm,
736 3059 762 3122 si
785 3080 849 3122 non
873 3059 919 3123 vis
942 3059 1070 3144 perdere
1093 3059 1228 3122 modum.

80 3314 87 3327 .
198 3231 253 3296 De
274 3233 409 3312 leone,
433 3233 503 3316 qui
524 3233 768 3298 aedificavit
790 3233 1046 3313 coenobium,
1071 3233 1145 3298 dial.
1168 3236 1218 3296 92.

227 3377 290 3442 Leo
313 3399 369 3462 pro
391 3376 583 3442 redemtione
606 3377 719 3441 animae
741 3398 806 3440 suae
828 3396 1017 3460 suorumque
1038 3378 1205 3457 parentum
1225 3393 1278 3437 ex-

142 3481 400 3546 cellentissimum
423 3481 589 3546 aedificavit
611 3481 804 3560 ooenobium,
836 3482 867 3544 in
902 3502 963 3564 quo
994 3479 1153 3564 regulavit
1178 3477 1281 3542 multa

143 3587 303 3663 animalia,
327 3586 404 3651 dans
427 3587 466 3650 iis
488 3585 624 3651 formam
658 3586 852 3671 stragulam
883 3585 1027 3663 vivendi,
1057 3589 1090 3648 et
1118 3583 1217 3669 elegit
1247 3583 1280 3644 in

104 3711 130 3748 ³⁰
145 3690 281 3774 priorem
303 3690 488 3768 hinnulum,
521 3691 576 3774 qui
599 3696 663 3769 est,
693 3695 731 3755 ut
752 3691 829 3757 dicit
851 3689 983 3775 Papias,
1012 3689 1098 3754 filius
1120 3708 1281 3752 cervorum

143 3798 175 3858 et
208 3795 288 3859 varii
321 3794 450 3873 coloris,
489 3795 617 3860 credens
655 3817 727 3859 eum
764 3816 830 3859 esse
863 3794 1044 3879 religiosum
1080 3791 1280 3858 ooenobitans.

142 3898 304 3964 Hinnnlos
327 3903 432 3962 autem
460 3903 497 3962 ut
527 3899 632 3964 varius
664 3904 733 3964 erat
758 3900 791 3962 in
816 3899 918 3962 colore
941 3899 1042 3963 sicin
1064 3898 1133 3964 fide.
1179 3895 1283 3979 Coepit

143 4005 226 4068 enim
250 4003 363 4068 fratres
386 4003 523 4068 dividere
546 4003 632 4067 acin
650 4007 754 4087 partes
770 4002 903 4081 trahere,
928 4003 1097 4067 instituens
1120 4001 1282 4077 officiales,

143 4113 266 4194 etpost
289 4109 464 4193 paullulum
488 4107 629 4174 cassabat
659 4113 691 4172 et
724 4108 803 4172 alios
825 4107 1022 4174 instituebat.
1067 4107 1187 4172 Caeseti
1209 4126 1283 4171 vero

104 4231 130 4272 ³⁵
143 4215 384 4280 murmurabant
413 4218 523 4279 contra
554 4213 676 4297 ipsum,
708 4213 848 4278 instituti
878 4218 983 4278 autem
1006 4235 1075 4277 eum
1099 4210 1281 4276 fulciebant.

143 4318 214 4384 Hoc
235 4321 319 4384 enim
343 4341 424 4404 saepe
445 4319 601 4384 malitiose
623 4318 747 4404 agebat,
771 4318 816 4382 ita
836 4322 874 4381 nt
892 4317 1157 4402 conspirationem
1173 4321 1283 4382 eontra

144 4424 249 4510 ipsum
272 4423 411 4489 tacerent
434 4428 466 4489 et
488 4423 683 4489 concorditer
706 4425 817 4488 contra
838 4445 909 4488 eum
932 4426 1061 4488 starent.
1107 4421 1158 4488 Ad
1181 4425 1284 4488 extre·

196 4545 356 4588 rmuscoau
1038 4531 1076 4593 16
