3172 4962
782 271 844 340 198

238 445 333 512 citius
351 442 514 530 jugulavit
542 446 576 510 et
603 465 731 510 caruem
760 441 828 526 ejus
858 441 977 510 falconi
1006 444 1176 511 ostendens
1198 443 1238 510 ad
1260 463 1400 508 manum

239 549 440 618 reclamabat.
486 547 530 614 Et
551 548 634 614 falco
665 547 725 614 hoe
748 548 873 628 videns,
906 553 973 616 tam
996 548 1163 626 delicatam
1186 569 1313 614 earnm
1334 569 1399 613 cu·

240 655 341 740 piens,
364 654 518 738 adipeam
539 653 713 739 gaudenter
737 675 769 720 se
791 653 963 720 declinavit
978 655 1100 721 dicens:
1123 675 1188 720 non
1203 659 1252 718 est
1267 673 1395 730 sensus,

240 781 273 824 se
303 759 408 824 levare
440 759 476 823 in
498 763 585 824 statu
608 780 682 838 suo,
711 760 764 824 sed
787 781 929 844 pausare.
975 759 1026 826 Sic
1059 761 1145 825 enim
1171 760 1267 824 homo
1298 779 1398 844 agere

215 864 343 944 edebat,
367 863 532 929 humiliter
553 865 689 930 residere
713 865 747 930 in
770 869 946 946 statuane,
970 887 1035 932 non
1058 865 1165 931 oculos
1188 866 1227 929 ad
1243 865 1285 944 id,
1309 864 1398 948 quod

242 993 307 1036 non
330 970 428 1048 decet,
452 970 590 1038 tendere.
636 969 773 1055 Propter
796 971 878 1055 quod
902 971 1020 1036 dicitur
1041 970 1133 1036 va.
1156 967 1282 1034 XXIII:
1316 991 1399 1053 pru-

243 1075 359 1140 dentiae
380 1079 445 1140 tuae
467 1095 549 1160 pone
571 1075 717 1154 modum,
748 1075 864 1140 altiora
886 1079 919 1140 te
941 1097 982 1141 ne
1004 1075 1167 1159 quaesieris
1196 1079 1228 1139 et
1259 1075 1400 1138 tortiora

243 1185 275 1244 te
297 1201 337 1244 ne
360 1182 520 1245 scrutatus
537 1179 642 1246 fueris.
682 1180 724 1246 ut
739 1180 874 1246 &necat
897 1181 931 1246 id
947 1201 1061 1264 quare,
1079 1181 1163 1266 quod
1177 1181 1321 1246 invenire
1337 1201 1400 1263 po-

243 1290 301 1364 tes,
313 1285 345 1350 id
355 1285 448 1364 disce,
460 1285 544 1368 quod
553 1291 643 1370 potes
653 1287 742 1351 seire.
775 1284 1031 1370 RefertEsopus,
1044 1285 1266 1369 quodquidam
1278 1283 1399 1349 nobilis

205 1413 231 1450 ιο
245 1389 339 1454 homo
354 1389 493 1454 habebat
506 1412 605 1456 unum
619 1391 796 1458 cuniculum
814 1391 932 1470 laetum,
952 1413 1085 1474 parrum
1102 1397 1134 1455 et
1146 1413 1246 1456 unum
1256 1389 1396 1455 asinum.

245 1495 383 1562 Asinum
391 1496 542 1562 mittebat
550 1498 588 1564 ad
601 1498 865 1566 molendinumad
876 1497 1024 1582 graviora
1032 1517 1136 1582 opera,
1153 1495 1314 1560 cuniculus
1322 1513 1399 1557 vero

246 1623 318 1666 cum
342 1601 470 1666 domino
492 1622 549 1666 suo
572 1603 717 1682 ludebat,
749 1625 842 1688 quem
870 1603 908 1668 de
929 1603 1061 1689 propria
1082 1599 1216 1667 seutella
1235 1598 1397 1694 pascebat.

245 1705 367 1771 Videas
398 1709 504 1772 autem
536 1708 644 1773 asinus
677 1730 710 1774 se
738 1708 870 1793 fatigari
902 1712 936 1774 et
965 1730 1075 1774 canem
1096 1705 1264 1773 blanditiis
1286 1702 1398 1781 foveri,

249 1809 346 1894 eoepit
367 1810 455 1874 intra
477 1831 509 1875 se
532 1813 690 1896 cogitare:
714 1813 775 1880 iste
798 1814 921 1880 catulus
944 1813 1026 1879 nihil
1049 1812 1137 1891 tacit,
1160 1810 1224 1876 nisi
1245 1807 1326 1894 quod
1342 1829 1398 1892 pe-

210 1935 236 1974 15
251 1916 343 1982 dibus
367 1915 469 1981 calcet
491 1915 653 1984 dominum
678 1941 771 1984 suum
793 1925 827 1986 et
847 1921 960 2004 lingua
981 1919 1095 1986 lambit
1119 1917 1218 1983 etsie
1242 1915 1399 2000 diligitur,

247 2021 321 2086 volo
344 2024 377 2086 et
398 2041 457 2105 ego
480 2022 526 2086 sie
548 2044 652 2109 agere.
698 2023 741 2090 Et
771 2025 897 2090 elevans
920 2027 1014 2109 pedes
1037 2023 1212 2089 anteriores
1235 2021 1324 2087 misit
1346 2041 1400 2083 su·

249 2143 306 2208 per
328 2123 475 2190 humeros
498 2125 619 2192 domini
651 2133 683 2194 et
716 2151 773 2193 sua
796 2149 877 2196 'voce
906 2131 1049 2195 tonabat.
1102 2126 1259 2192 Dominus
1294 2127 1401 2190 autem

249 2227 367 2293 timens
390 2229 526 2296 clamare
548 2233 646 2316 coepit
675 2237 707 2299 et
737 2233 904 2299 servitores
932 2236 1090 2300 venerunt
1122 2253 1194 2296 cum
1216 2228 1338 2296 baculis
1368 2229 1403 2292 et

249 2332 388 2400 fustibus
411 2339 444 2399 et
466 2337 712 2403 verberaverunt
734 2360 807 2404 eum
829 2360 929 2423 usque
952 2341 991 2404 ad
1014 2341 1158 2404 mortem.
1205 2333 1252 2400 At
1273 2333 1328 2398 ille
1347 2353 1401 2398 eo-

213 2457 237 2496 20
251 2438 359 2523 gitens
381 2439 478 2505 dixitz
499 2441 613 2507 melius
636 2443 716 2508 mihi
740 2446 808 2508 eret
831 2443 991 2527 quiescere
1014 2462 1109 2528 quam
1131 2441 1177 2505 sie
1200 2459 1304 2524 agere,
1327 2437 1404 2521 quia

251 2541 336 2608 nihil
358 2543 500 2610 lucratus
522 2565 592 2610 sum
616 2545 678 2612 nisi
699 2547 839 2612 verbera
887 2545 980 2612 Unde
1003 2546 1038 2610 in
1060 2546 1121 2611 hoc
1135 2545 1293 2620 doeemur,
1318 2541 1402 2627 quod

253 2645 348 2712 homo
378 2670 443 2713 non
474 2669 567 2733 agere
589 2649 699 2728 debet,
733 2651 818 2734 quod
840 2650 1031 2717 naturaliter
1060 2670 1125 2714 non
1154 2645 1402 2732 potestfaeere.

253 2749 346 2814 Unde
367 2750 510 2835 quidam:
541 2775 634 2818 nemo
657 2753 752 2818 audet
774 2754 927 2835 feliciter,
951 2755 1035 2840 qued
1057 2758 1175 2820 natura
1195 2755 1310 2837 negat,
1341 2751 1404 2815 im·

254 2853 393 2938 prudens
415 2855 572 2940 displicet,
595 2858 678 2922 unde
700 2858 825 2942 placere
847 2859 977 2962 sadec..

216 3045 241 3086 2⁶
336 3025 392 3094 De
414 3033 574 3109 astura,
597 3031 807 3115 qui-misit
829 3032 877 3096 ad
899 3031 1147 3110 ceridrium,
1171 3029 1245 3098 dial.
1271 3031 1322 3094 56.

341 3165 444 3232 Astur
468 3169 501 3233 in
525 3174 596 3235 edre
617 3171 865 3255 persequebatur
888 3192 1001 3256 gruem
1031 3175 1063 3236 et
1090 3168 1129 3234 ad
1152 3173 1328 3234 extremum
1351 3167 1406 3232 de-

252 3272 338 3357 jecit.
384 3273 505 3338 Temen
534 3295 611 3360 grus
641 3297 712 3340 cum
743 3279 845 3340 rostro
873 3295 974 3358 usque
1004 3274 1042 3340 ed
1065 3278 1200 3340 mortem
1222 3271 1404 3339 vulneravit

256 3383 405 3444 asturem.
450 3378 553 3444 Astur
575 3385 682 3445 autem
706 3381 752 3445 sie
767 3380 952 3446 vulneratus
966 3379 1056 3446 misit
1078 3379 1117 3446 ad
1140 3379 1406 3444 earidriumnun-

256 3483 318 3548 tios
341 3486 375 3547 et
396 3504 527 3548 mamere
550 3483 674 3548 dicens:
702 3483 855 3556 omediee
877 3485 1055 3550 animarum
1080 3488 1113 3547 et
1134 3503 1314 3567 corporum,
1337 3482 1407 3546 des·

219 3585 352 3651 accende
374 3591 407 3652 et
428 3607 503 3652 cura
524 3587 656 3653 vulnera
678 3609 767 3666 mea,
797 3589 872 3673 quia
894 3589 934 3656 ed
956 3589 1086 3674 plenum
1116 3588 1177 3653 tibi
1199 3586 1405 3653 satisfaciam.

258 3689 418 3758 Garidrius
441 3711 533 3771 vero,
557 3695 594 3757 ut
617 3693 695 3758 dicit
717 3693 849 3778 Papias,
882 3697 933 3758 est
958 3695 1024 3758 avis
1047 3693 1121 3758 alba
1142 3696 1221 3770 tote,
1244 3693 1333 3776 cujus
1357 3691 1409 3755 in-

258 3797 376 3862 teriore
405 3798 512 3863 oculos
539 3797 729 3884 caliginosos
761 3801 890 3878 curant,
924 3803 957 3864 et
988 3799 1016 3864 si
1047 3798 1151 3864 vivere
1181 3797 1274 3864 debet
1302 3797 1409 3874 homo,

259 3901 589 3988 appropinquatum,
613 3904 641 3968 si
663 3923 738 3968 vero
760 3903 858 3982 mori,
889 3902 976 3988 fugit
1005 3903 1045 3968 ab
1068 3923 1114 3968 eo.
1159 3900 1251 3968 Unde
1274 3921 1410 3986 cognom

260 4027 350 4086 cens,
381 4009 464 4092 quod
484 4011 573 4074 astur
595 4007 768 4074 moriturus
791 4011 878 4086 erat,
903 4008 932 4072 ei
954 4007 1212 4091 appropinquare
1232 4005 1337 4070 noluit
1359 4004 1408 4070 di·

221 4135 246 4174 aa
260 4132 349 4178 cens:
379 4114 537 4196 perituros
558 4113 687 4179 visitare
710 4113 794 4193 nolo,
818 4113 872 4177 sed
895 4134 967 4178 cum
981 4111 1167 4178 laetissima
1212 4109 1308 4176 Multi
1323 4109 1409 4174 enim

188 4201 191 4206 ¹
259 4216 339 4280 tales
362 4219 565 4302 reperiuntur
588 4219 698 4297 amici,
731 4219 786 4302 qui
815 4222 957 4301 tempore
989 4217 1213 4302 prosperitatis
1235 4219 1267 4282 et
1288 4213 1410 4280 laetitiae

260 4321 394 4388 visitent
416 4326 548 4406 amicos,
563 4327 716 4410 tempore
738 4327 845 4388 autem
868 4321 1060 4390 calamitatis
1083 4328 1116 4390 at
1138 4319 1272 4388 miserie
1293 4317 1410 4384 uolunt
