3160 4960
824 293 844 357 6

256 467 410 532 naturalis
427 465 436 502 ¹
459 467 573 532 fortior
584 471 641 533 est.
676 466 737 533 Sed
753 489 823 534 cum
840 469 925 534 visus
937 469 1026 534 senio
1039 453 1249 556 inqmsmtur,
1264 472 1411 553 aspectus

256 595 293 638 ex
316 576 406 657 parte
428 573 561 637 rationis
584 573 717 640 acuitur.
764 572 907 659 Dignum
931 575 1048 659 quippe
1063 581 1121 652 est,
1145 578 1183 639 nt
1199 573 1409 659 quantoplus

255 679 343 762 riget
365 677 479 742 mentis
499 678 670 762 judicium,
707 679 880 762 disciplinae
913 679 984 763 plus
1016 699 1144 762 operam
1173 679 1407 764 impendamus.

256 779 402 864 Namque
424 783 498 846 dum
521 781 572 846 hic
594 783 737 862 vivimus,
761 805 925 867 nunquam
948 783 983 847 in
1005 783 1114 848 eodem
1129 787 1217 849 statu
1232 806 1410 850 manemus.

230 867 358 962 {Quare
380 886 408 950 si
430 907 494 950 non
517 885 711 970 proficimus,
736 909 807 952 mox
831 888 1002 953 deficimus.
1049 887 1101 954 sio
1133 889 1219 954 enim
1242 911 1309 954 esee
1331 911 1409 975 pro·

257 991 406 1076 spicimus
422 991 455 1055 in
466 991 672 1058 mutabilibus
688 993 790 1071 rebus,
814 995 964 1076 quoniam
980 994 1036 1072 sol,
1060 1015 1130 1058 cum
1148 995 1232 1059 ultra
1247 1015 1313 1058 non
1334 1015 1412 1078 pro-

257 1097 357 1173 cedit,
381 1098 549 1160 revertitur
578 1103 610 1163 et
638 1099 748 1163 statim
771 1099 836 1163 dies
860 1100 1067 1177 diminuitur,
1101 1121 1173 1165 cum
1202 1120 1266 1164 nox
1288 1099 1413 1166 crescit.

258 1200 411 1266 Similiter
440 1223 509 1264 cum
542 1223 604 1267 non
634 1204 734 1287 magis
758 1204 974 1286 protenditur,
1009 1223 1081 1267 mor
1103 1205 1278 1270 inclinatur
1300 1205 1335 1268 in
1357 1225 1409 1268 se-

258 1307 347 1370 nium
376 1327 485 1370 cursus
516 1307 638 1371 aetatis.
676 1307 782 1392 igitur
810 1306 908 1372 donec
941 1308 975 1371 in
1002 1307 1116 1372 semita
1137 1307 1254 1388 fueris,
1288 1329 1416 1392 semper

221 1431 246 1467 ιο
261 1411 353 1487 disce,
378 1432 597 1494 necunquam
620 1411 781 1495 putaveris
804 1412 881 1476 satis
904 1433 980 1489 esse,
1006 1413 1080 1495 quia
1102 1412 1130 1476 si
1147 1413 1284 1491 steteris,
1308 1415 1413 1478 retro-

260 1515 353 1579 cedis.
400 1514 491 1579 Nihil
515 1515 666 1580 nimirum
690 1539 881 1602 organorum
905 1521 1088 1582 nostrorum
1105 1522 1278 1583 retrorsum
1294 1521 1413 1582 natura

260 1618 314 1683 sed
344 1623 418 1684 ante
449 1623 573 1684 tantum
597 1623 787 1706 composuit,
818 1623 911 1686 utin
944 1622 1072 1686 virtutis
1109 1622 1233 1688 actibus
1266 1643 1330 1686 non
1362 1643 1413 1685 re·

261 1723 457 1810 trocedentes
477 1723 542 1788 imo
565 1745 689 1829 semper
722 1725 923 1811 procedentes
955 1747 1139 1791 crescamus.
1186 1726 1298 1792 Plures
1329 1725 1416 1789 enim

261 1849 409 1893 sensuum
432 1833 612 1893 nostrorum
635 1833 710 1894 ante
741 1831 852 1895 situati
874 1835 952 1895 sunt
982 1835 1013 1894 et
1036 1831 1154 1895 ibidem
1177 1835 1266 1896 stant
1296 1851 1414 1894 manus

224 1954 249 1992 u
264 1937 296 1997 et
318 1933 421 2017 pedes.
468 1935 536 2012 Quo
560 1935 645 2002 dicto
667 1935 819 2001 discessit.

434 2158 660 2227 Nihilsibi
683 2163 800 2227 homo
823 2161 1000 2226 estsine
1023 2161 1247 2246 sapientia.

554 2335 606 2401 De
629 2335 774 2419 aquila
796 2339 838 2401 et
861 2334 965 2413 sole,
997 2358 1065 2420 cap.
1090 2342 1119 2401 2.

351 2476 389 2540 In
420 2478 581 2544 lucidioris
612 2479 693 2543 atris
727 2478 924 2543 sublimitate
954 2475 1063 2561 aquila
1096 2477 1309 2540 conscendens
1340 2475 1417 2540 solis

265 2581 328 2645 fixo
350 2583 495 2646 contuitu
518 2584 599 2648 mira
621 2587 784 2648 venustate
808 2584 952 2666 inspecta
972 2603 1046 2646 mox
1069 2602 1141 2645 eum
1159 2581 1218 2645 tali
1234 2580 1418 2664 quaestione

227 2720 252 2757 20
265 2686 404 2768 pulsavit
425 2688 587 2772 dixitque:
622 2693 658 2752 tu
681 2688 756 2772 quid
772 2710 824 2766 es,
857 2709 911 2751 vas
935 2686 1131 2763 admirabile,
1154 2690 1221 2750 tam
1244 2686 1417 2764 decorum?

266 2790 312 2854 A:
340 2791 394 2854 ille
416 2793 596 2876 respondit:
631 2793 745 2858 nescio.
793 2790 884 2856 Tunc
906 2791 962 2855 illa
985 2790 1087 2876 magis
1109 2791 1226 2855 mirata
1255 2789 1418 2866 nimirum,

267 2895 350 2978 quod
372 2896 406 2959 in
428 2895 508 2960 lucis
532 2897 619 2962 fonte
642 2897 735 2980 hujus
757 2896 948 2982 ignorantiae
971 2895 1119 2959 tenebras
1142 2895 1335 2973 invenisset,
1360 2892 1420 2958 ad-

263 2999 389 3081 junxit:
413 3005 445 3064 et
468 3002 623 3086 quomodo
646 3024 718 3066 cum
741 3002 775 3065 in
799 2998 1018 3084 splendoribus
1043 3000 1107 3064 tuis
1123 3003 1237 3063 caetera
1251 2997 1419 3062 videantur

267 3104 316 3167 tui
339 3110 374 3168 tu
397 3105 519 3170 nescius
543 3113 575 3171 te
598 3129 661 3171 non
685 3106 793 3170 vides?
820 3105 879 3170 Oui
901 3105 1002 3171 dixit:
1026 3105 1143 3189 quippe
1166 3103 1331 3190 supientiae
1347 3124 1418 3168 sum

228 3243 253 3280 ae
268 3232 332 3275 non
362 3233 486 3296 expers3
517 3213 585 3277 sola
607 3212 692 3277 enim
715 3211 771 3276 illa
793 3212 842 3276 sui
865 3211 1005 3296 gaudent
1029 3210 1155 3287 notitia,
1180 3230 1260 3292 quae
1283 3211 1360 3273 sunt
1383 3208 1418 3272 in

269 3339 302 3380 se
323 3316 394 3400 ipsa
417 3339 471 3402 per
494 3317 683 3402 sapientiem
707 3317 897 3383 conversiva.
944 3315 995 3380 Ad
1007 3315 1084 3380 haec
1100 3313 1208 3398 aquila
1221 3313 1268 3378 sic
1282 3333 1420 3398 arguens

268 3422 314 3486 sic
337 3423 434 3486 dixit:
460 3423 615 3506 quomodo
638 3422 739 3507 igitur
761 3421 887 3506 prodita
911 3425 959 3486 est
996 3420 1056 3484 tibi
1079 3423 1189 3484 tantae
1212 3417 1421 3484 virtualitatis

270 3526 437 3592 causalitas
455 3548 490 3590 ac
506 3531 605 3590 tantae
620 3525 791 3589 soliditatis
803 3524 1058 3608 perpetucsitas?
1089 3522 1137 3586 Ex
1154 3543 1216 3606 quo
1233 3543 1368 3605 namque
1391 3525 1423 3586 ts

269 3632 408 3715 ignoras,
433 3636 469 3695 tu
480 3631 540 3695 tibi
556 3631 638 3696 nihil
655 3653 696 3695 es.
735 3629 791 3694 Nil
809 3629 936 3713 quidem
953 3627 1230 3714 prudentiafatrw,
1255 3625 1423 3690 rutilantia

232 3765 257 3801 ao
271 3757 360 3800 caeco
384 3741 416 3800 et
438 3735 618 3820 eloquentia
640 3735 744 3800 surdo.
790 3733 880 3798 Tunc
899 3732 1033 3818 Tytan²
1055 3732 1235 3816 respondit:
1259 3730 1319 3795 etsi
1341 3729 1423 3794 nihil

271 3841 350 3904 mihi
362 3864 442 3920 sum,
459 3845 565 3905 tamen
578 3839 606 3904 ei
619 3862 699 3917 sum,
716 3840 804 3924 cujus
814 3842 890 3902 suut
902 3838 1018 3915 omnia,
1030 3837 1112 3920 quod
1125 3839 1174 3900 est
1188 3835 1344 3918 quoddam
1356 3855 1423 3898 ma-

217 3961 220 3968 “
270 3949 391 4012 ximum
403 3969 457 4012 vas
470 3945 615 4028 sapienti.
647 3943 718 4027 Ipse
728 3944 813 4007 enim
829 3943 953 4025 sapiens
970 3964 1041 4006 cunr
1057 3941 1142 4005 solus
1157 3962 1190 4005 se
1206 3939 1423 4025 cognoscendo

272 4056 313 4119 sit
323 4076 397 4119 suus
406 4057 601 4124 cunctorum,
615 4071 684 4134 quae
693 4049 755 4113 sibi
767 4071 829 4113 uon
840 4047 1102 4131 suntintellcotu
1112 4046 1287 4110 carentium
1297 4043 1423 4127 sapien-

272 4161 318 4224 tia
333 4158 525 4260 eonstitutus
542 4161 590 4220 est
605 4155 760 4219 dominus.
805 4152 910 4218 Homo
926 4175 1063 4236 namque
1078 4150 1247 4235 participio
1262 4147 1425 4233 sapientias
1486 4212 1489 4220 ,

838 4273 856 4313 r

346 4387 357 4440 l
379 4383 503 4440 Ardere:
520 4382 552 4436 in
570 4382 632 4436 fine.
719 4382 735 4434 2
754 4377 781 4433 d.
800 4378 827 4432 h.
852 4377 902 4433 sol.
