3066 4938
691 279 750 346 149

229 451 368 537 Cumque
390 454 425 517 in
448 453 504 516 illo
527 451 681 537 Augustae
707 453 945 520 Vindelicorum
975 455 1111 520 concilio
1134 451 1294 540 principes

140 559 268 642 aliquot
288 563 321 624 et
341 559 504 636 civitates,
528 559 584 642 qui
606 559 742 637 interea,
773 561 848 624 dum
871 564 923 637 tu,
959 559 1079 624 bellicis
1102 559 1294 625 tumultibus

138 664 284 742 obrutus,
307 662 362 726 diu
386 663 586 746 multumque
608 668 641 728 et
657 665 750 749 longe
766 665 886 742 aberas,
909 665 1086 729 doctrinam
1105 666 1187 730 hanc
1202 669 1293 730 erant

140 769 290 852 amplexi,
314 768 479 853 religionis
493 771 526 832 et
540 769 613 833 fidei
628 791 692 834 aum
704 770 870 848 rationem,
887 771 1006 854 scripto
1022 771 1291 856 comprehensam,

139 874 225 958 apud
247 878 281 938 te
301 877 509 957 senatirmque
531 874 711 958 principum
734 881 765 938 el
789 875 938 940 ordinum
960 875 1206 960 exiposuissent,
1238 875 1292 940 de-

140 984 264 1045 cretum
289 978 445 1061 quoddam
470 981 545 1042 tunc
567 978 704 1044 faciebas
736 1001 831 1064 greve
863 979 1005 1064 profecto
1031 983 1064 1043 et
1092 979 1223 1057 durum,
1258 979 1291 1042 in

139 1105 240 1167 eoque
262 1083 326 1148 fuit
349 1081 408 1148 hoc
427 1083 592 1160 insertum,
616 1090 653 1149 ut
668 1085 754 1149 iutra
774 1086 965 1168 praefinitum
983 1088 1107 1168 tempus
1123 1089 1156 1149 et
1170 1105 1292 1148 menses

138 1190 206 1255 fere
228 1189 368 1272 quinque
390 1191 568 1252 statuerent
591 1189 650 1268 illi,
676 1211 752 1252 num
775 1189 893 1254 vellent
908 1194 1084 1273 susceptam
1100 1189 1292 1254 sententiam

138 1293 238 1371 tueri,
261 1316 301 1358 an
319 1293 435 1376 potius,
458 1294 599 1371 eandem,
623 1315 719 1376 quam
734 1273 781 1371 tu,
797 1317 892 1378 quam
908 1293 963 1358 alii
979 1294 1083 1372 multi,
1105 1293 1291 1378 religionem

139 1400 263 1464 sectari.
298 1397 387 1475 Quod
411 1396 538 1481 quidem
561 1397 719 1463 decretum
744 1399 807 1462 fuit
828 1398 911 1463 baud
935 1399 1028 1463 dubie
1052 1397 1196 1484 pontifici
1220 1419 1292 1482 per·

139 1509 281 1591 gratum,
303 1527 322 1569 a
345 1523 408 1587 quo
430 1524 537 1568 recens
560 1503 839 1588 inaugurationem
862 1504 988 1588 imperii
1011 1524 1200 1586 susceperas,
1229 1524 1292 1586 quo

139 1615 285 1693 tempore
305 1608 478 1672 verisimile
500 1614 549 1673 est
571 1609 662 1673 illum
685 1609 745 1672 tibi
775 1631 864 1673 suam
894 1609 1099 1694 dignitatem
1113 1608 1293 1694 magnificis

139 1715 245 1780 verbis
267 1720 300 1779 et
323 1712 436 1778 eximie
459 1715 714 1790 commendasse,
749 1713 982 1796 maximamque
1013 1715 1045 1777 in
1075 1716 1107 1778 te
1130 1735 1218 1797 rpem
1242 1733 1291 1776 re·

137 1819 278 1904 positam
292 1817 450 1884 habuisse.
482 1817 590 1896 Porro,
614 1819 737 1902 siquid
761 1838 798 1882 eo
821 1823 961 1902 tempore
983 1841 1039 1902 per
1061 1819 1125 1882 vim
1149 1823 1180 1882 et
1203 1841 1292 1882 arma

138 1925 303 1988 tentatum
325 1921 446 1998 luisset,
470 1921 632 1988 difficilius
657 1923 688 1986 id
708 1923 850 1986 futurum
868 1926 935 1988 erat
951 1944 1046 2006 quam
1062 1923 1184 2007 aliquot
1199 1922 1292 1986 annis

140 2031 248 2103 antea,
272 2046 343 2089 cum
366 2029 436 2088 tota
458 2045 517 2103 res,
542 2027 684 2088 omnium
704 2025 842 2110 judicic,
866 2025 1016 2110 penderet
1038 2026 1078 2090 ab
1102 2048 1165 2090 uno
1188 2025 1289 2090 solum

139 2131 290 2206 homine,
323 2150 432 2193 verum
453 2133 561 2194 tamen
586 2153 649 2195 non
672 2130 767 2215 paulo
790 2131 915 2196 facilius
938 2133 1006 2194 tum
1029 2131 1172 2196 futurum
1195 2130 1292 2194 etiam

138 2239 209 2302 erat
239 2256 334 2319 quam
364 2233 509 2300 fortassis
541 2236 635 2302 hodie
665 2237 716 2300 sit.
763 2235 821 2302 Sed
856 2257 915 2319 pro
949 2235 1073 2320 ingenii
1105 2234 1293 2300 dexteritate

708 2357 725 2395 *

142 2444 215 2512 Und
240 2441 361 2508 wiewol
384 2441 499 2508 etliche
523 2440 657 2508 Fllrsten
680 2445 746 2508 und
768 2443 849 2520 stat,
874 2445 923 2510 die
946 2445 980 2508 in
1003 2445 1109 2510 miller
1132 2442 1202 2518 seit,
1226 2442 1291 2506 die-

140 2550 213 2614 weil
236 2549 272 2614 Ε
297 2549 341 2613 M.
365 2547 554 2634 caelandig,
587 2551 652 2614 und
683 2551 743 2615 mit
765 2551 857 2636 krieg
881 2549 1010 2616 beladen
1035 2568 1122 2626 war,
1157 2546 1292 2633 gemelle

137 2656 204 2720 lere
228 2675 424 2738 angenomen
447 2652 569 2731 hatten,
593 2653 828 2740 irerReligiou
853 2653 1042 2730 bekantnis,
1071 2651 1105 2714 E.
1130 2649 1174 2716 Μ.
1199 2646 1291 2716 lber·

139 2761 332 2834 antworten,
354 2755 468 2840 jedocb
492 2756 598 2821 stellet
620 2757 655 2822 Ε.
681 2757 723 2822 Μ.
753 2757 845 2822 einen
867 2751 995 2822 solelien
1019 2755 1202 2834 Abscbeid,
1237 2756 1291 2822 der

138 2863 339 2951 obgemelten
364 2861 502 2927 Steuden
525 2861 588 2926 fast
611 2863 834 2929 bescbwerlich
855 2883 921 2926 war
943 2865 981 2927 ab
1003 2862 1120 2940 hdren,
1143 2862 1203 2927 mit
1225 2861 1289 2926 sol-

138 2970 231 3034 chem
252 2966 454 3054 angehefften
477 2965 610 3044 befelch,
634 2967 689 3032 das
712 2967 757 3032 sie
780 2968 812 3031 in
837 2967 964 3032 kurtzer
979 2967 1048 3045 zeit,
1072 2967 1137 3031 und
1153 2967 1290 3031 ellicben

138 3075 303 3152 Monaten,
327 3071 395 3136 sich
417 3071 520 3136 solten
544 3072 685 3137 ercldren
707 3071 771 3138 und
796 3070 954 3149 erdffnen,
978 3071 1020 3136 ob
1042 3071 1088 3135 sie
1110 3071 1162 3136 bei
1185 3070 1221 3134 Ε.
1246 3069 1289 3134 M.

138 3180 205 3246 und
229 3177 392 3242 derselben
416 3177 545 3262 anhang
567 3176 714 3255 bleiben,
747 3179 822 3242 oder
854 3177 928 3242 aber
951 3175 1019 3242 auff
1039 3177 1117 3241 irem
1139 3171 1291 3261 fdrgeno-

137 3307 252 3351 menen
276 3303 346 3368 weg
369 3281 523 3348 beharren
549 3283 673 3347 wolton.
719 3282 772 3346 An
797 3282 896 3347 disem
918 3280 1076 3346 Abschcid
1107 3281 1149 3344 ist
1178 3279 1291 3365 glaub-

138 3392 214 3468 licb,
238 3389 293 3454 das
316 3389 370 3452 der
394 3385 503 3471 Bapst,
526 3409 585 3450 von
610 3387 760 3452 welcbem
782 3387 817 3452 Ε.
843 3385 886 3452 Μ.
912 3386 962 3450 die
984 3384 1136 3471 Crdnung
1158 3383 1292 3449 newlioh

138 3495 331 3581 empfangen
355 3492 459 3568 hatte,
483 3491 557 3556 bein
581 3491 722 3557 schlecbl
745 3490 876 3577 gafalles
899 3489 1036 3575 gehabt,
1060 3491 1106 3555 als
1129 3490 1184 3555 der
1206 3489 1292 3554 seine

137 3599 267 3666 wolfart
288 3597 323 3661 Ε.
348 3595 392 3662 Μ.
417 3619 472 3661 zur
493 3598 599 3662 selben
624 3597 703 3674 neit,
727 3621 768 3662 on
792 3597 874 3660 allen
899 3596 1018 3660 aweifel
1042 3617 1114 3660 zum
1138 3594 1291 3660 hdcbsten

137 3703 299 3781 befolhen,
323 3702 402 3767 auch
427 3703 460 3766 in
476 3699 512 3766 Ε.
529 3702 571 3766 Μ.
596 3701 705 3767 schuta
729 3703 794 3766 und
818 3701 944 3778 schism,
969 3701 1055 3765 seine
1078 3703 1186 3785 grbste
1208 3696 1291 3762 hoff·

138 3830 245 3895 nung,
270 3807 417 3894 gestellet
438 3806 505 3873 hat.
551 3805 613 3870 Wo
637 3829 702 3871 nun
726 3805 761 3870 Ε.
788 3805 831 3869 M.
857 3805 988 3883 derzeit,
1019 3809 1115 3870 etwas
1140 3801 1293 3868 thdtlicbs

15 3945 17 3948 ·
138 3914 346 4012 angefangen
364 3912 472 3989 hatte,
507 3911 611 3976 solchs
642 3934 722 3976 were
754 3911 859 3996 gleich
890 3909 1043 3974 schwerer
1074 3909 1139 3973 und
1162 3904 1292 3993 gefa'br-

138 4019 238 4086 licher
261 4039 422 4103 genesen,
453 4016 556 4080 weder
578 4016 690 4092 bevor,
726 4015 766 4079 da
788 4037 820 4080 ea
842 4015 1086 4080 menscblichcm
1110 4012 1206 4078 urteil
1227 4011 1292 4077 und

137 4124 287 4190 verstand
318 4123 421 4200 nach,
459 4143 521 4185 nur
553 4122 621 4186 auff
650 4122 738 4185 einer
767 4121 926 4206 eintzigen
959 4139 1113 4204 personen
1147 4115 1292 4194 beruhet,

138 4231 225 4296 Aber
248 4226 329 4294 auch
346 4247 428 4290 were
442 4248 475 4290 es
490 4225 525 4290 Ε.
543 4226 585 4291 Μ.
610 4225 712 4311 gleich
738 4225 870 4291 leicbter
893 4224 956 4288 und
979 4223 1115 4288 bereiter
1137 4243 1292 4307 gewesen,

137 4336 240 4402 weder
263 4355 296 4398 es
326 4331 462 4421 beutigs'
484 4335 556 4421 tage
586 4331 654 4396 sein
684 4331 800 4396 mdcht
848 4331 920 4418 [12]
943 4329 1030 4394 Aber
1053 4351 1085 4392 es
1108 4327 1165 4393 bat
1187 4325 1223 4393 Ε.
1248 4325 1291 4391 Μ.
