3172 4958
111 4512 155 4519 Α

836 329 898 394 108

293 501 438 580 delicias,
467 505 504 567 ut
525 502 655 581 saltem,
687 505 858 588 antequam
882 505 980 570 ritum
1005 505 1117 583 finias,
1145 503 1311 571 stillicidio
1330 523 1446 573 conso-

292 607 422 671 lationis
445 610 574 692 gnstato
596 608 814 691 experientia
837 609 912 693 quid
936 610 980 674 sit
995 611 1114 674 bonum
1129 629 1293 696 agnoscas.
1339 607 1447 694 Hujus

293 717 398 776 autem
422 713 509 777 oanis
532 713 639 778 valida
660 713 881 779 exhortatione
892 713 1033 780 devictus
1056 715 1196 780 surrexit
1217 719 1259 794 et,
1285 717 1324 778 ut
1347 735 1381 778 se
1403 713 1446 777 li·

294 817 456 896 centiaret,
484 819 523 882 ad
546 817 686 883 oriculas
708 818 796 884 venit
826 823 859 882 et
881 818 979 884 dixit:
1009 818 1128 884 dudum
1150 819 1265 884 servivi
1294 817 1385 884 robis
1413 819 1448 881 et

268 921 437 986 cobsessus
459 923 599 1007 undique
621 924 757 987 miseriis
780 923 955 1002 satissteti,
979 925 1102 1002 vadam,
1125 927 1163 988 ut
1181 924 1275 1008 juxta
1289 923 1359 1006 lupi
1374 941 1445 986 mo-

294 1026 362 1120 nita
386 1026 418 1090 in
441 1027 562 1092 deliciis
584 1029 818 1112 aliquantulum
841 1031 1044 1114 requiescam.
1091 1029 1160 1105 Quo
1182 1027 1293 1095 audito
1315 1028 1366 1093 illi
1389 1047 1446 1112 ge·

293 1137 414 1195 mentes
431 1132 595 1198 dixerunt:
615 1156 807 1218 quamquam
820 1135 1030 1220 simpliciores
1042 1136 1149 1213 simus,
1165 1138 1272 1199 tamen
1288 1130 1447 1216 sapientia
1559 1197 1560 1230 ,

293 1257 364 1300 cum
388 1236 585 1320 simplicibus
607 1243 760 1304 versatur.
807 1239 941 1324 Propter
965 1239 1025 1304 hoc
1049 1249 1207 1324 rogamus,
1231 1241 1268 1302 ut
1289 1235 1442 1319 antiquas
1559 1235 1560 1254 *

293 1341 410 1406 amicas
433 1343 543 1406 audias
565 1347 597 1407 et
621 1344 750 1409 inimico
773 1347 830 1408 tuo
852 1345 884 1409 in
908 1348 1063 1410 aternam
1087 1365 1151 1408 non
1167 1341 1285 1406 credas.
1335 1339 1445 1404 Nescis

255 1461 280 1499 ¹⁰
294 1447 400 1524 enim,
423 1448 507 1532 qnod
529 1448 739 1513 calidissimus
769 1449 882 1532 lupus,
913 1471 1005 1535 quem
1030 1450 1124 1514 dente
1146 1469 1210 1512 non
1233 1445 1353 1530 dejicit,
1377 1447 1446 1508 arte

294 1549 390 1614 ferit?
424 1551 516 1616 Unde
538 1553 613 1636 quia
634 1555 667 1616 te
690 1552 724 1618 in
748 1554 852 1636 rigida
873 1555 941 1618 rita
963 1553 1081 1618 dudum
1106 1551 1228 1616 hostem
1255 1549 1446 1616 acerrimum

294 1654 421 1734 habuit,
457 1677 542 1721 nuno
571 1677 628 1739 per
656 1656 858 1722 hortamenta
881 1657 1064 1723 deliciarum
1087 1656 1229 1734 invadit,
1262 1658 1301 1719 ut
1323 1653 1446 1718 deliciis

295 1760 473 1825 emollitum
497 1761 648 1839 inveniat,
673 1781 708 1825 ac
724 1761 866 1826 delicatae
881 1763 970 1828 carni
985 1761 1151 1826 inimicum
1166 1760 1294 1825 dentem
1308 1757 1447 1823 validius

296 1864 419 1949 infigat.
465 1864 580 1931 Adhuc
602 1871 707 1930 autem
731 1866 851 1932 deliciis
874 1887 946 1932 caro
969 1888 1034 1931 non
1055 1865 1156 1930 solum
1180 1863 1361 1942 emollitur,
1392 1863 1447 1927 sed

260 1983 285 2022 ¹⁵
300 1970 391 2055 vigor
414 1969 528 2033 animae
550 1970 712 2054 frangitur
734 1993 770 2036 ao
792 1971 942 2036 vitiorum
965 1972 1060 2036 ardor
1082 1971 1206 2036 aeuitur
1226 1969 1448 2052 virtutumque

293 2075 409 2160 jugum
433 2077 600 2154 curvatur,
624 2097 678 2140 cor
700 2076 805 2160 ipsum
829 2077 910 2141 livor
932 2077 1116 2162 passionum
1137 2073 1317 2160 ingreditur
1340 2075 1373 2136 et
1395 2093 1447 2136 ra-

295 2179 393 2243 tionis
410 2179 558 2263 splendor
574 2179 724 2246 fuscatur.
771 2181 932 2246 Nimirum
940 2181 1056 2246 delitiae
1066 2177 1447 2267 fregeruntSampsonem

295 2284 513 2364 fortissimum,
523 2285 852 2351 subverteruntDavid
862 2287 964 2350 virum
972 2285 1209 2351 sanctissimum
1217 2287 1250 2348 et
1258 2284 1450 2365 decepenmt

296 2381 498 2454 Salomonem
521 2390 801 2474 sapientissimum.
850 2391 1008 2469 Quidnam
1030 2391 1117 2454 enim
1132 2389 1251 2454 delicias
1266 2387 1448 2472 corporales

257 2516 283 2555 so
297 2496 443 2560 faciunt?
475 2494 554 2559 foris
577 2495 765 2560 mellificant
790 2499 919 2561 cunctos
941 2493 1157 2572 vestimentis,
1181 2493 1303 2558 balneis
1325 2497 1358 2556 et
1382 2513 1444 2555 un-

296 2600 424 2686 guentis
445 2603 478 2664 et
498 2599 586 2664 intus
609 2600 733 2682 replent
755 2600 877 2680 eduliis,
898 2599 1110 2665 condimentis
1132 2601 1164 2662 et
1182 2597 1276 2662 vinis.
1321 2595 1446 2661 Idcirco

297 2726 351 2788 pes
374 2705 595 2770 tumorositate
617 2709 778 2790 gravatur,
802 2706 889 2770 calor
910 2704 1100 2769 humiditate
1124 2701 1271 2768 conditur
1292 2705 1326 2766 et
1347 2701 1448 2765 emol-

296 2809 356 2874 lita
378 2811 461 2875 cutis
485 2809 559 2875 hinc
582 2811 655 2874 inde
685 2810 842 2875 levissime
872 2815 1066 2894 penetratur.
1113 2807 1234 2894 igitur,
1269 2805 1386 2885 frater,
1420 2805 1448 2869 si

297 2913 424 2979 delicias
446 2913 580 2999 quaeris,
608 2916 779 2999 perniciem
802 2915 911 3001 diligis
934 2921 966 2980 et
989 2916 1023 2979 in
1047 2915 1131 2979 dulei
1153 2913 1285 2978 flumine
1307 2910 1449 2976 letaliter

257 3038 282 3076 2⁶
297 3020 344 3084 vis
367 3018 545 3107 submergi,
577 3043 732 3086 venenum
765 3024 798 3086 in
821 3043 934 3087 zuoaro
957 3021 1080 3105 appetis
1111 3024 1144 3085 et
1174 3019 1209 3083 in
1231 3021 1368 3084 aeternas
1388 3038 1449 3081 au-

296 3124 419 3210 gustias
442 3126 510 3190 risu
531 3129 564 3190 et
586 3126 719 3194 canticis
742 3127 790 3190 vis
813 3127 933 3194 deduci.
979 3127 1077 3210 Crede
1099 3123 1211 3204 nobis,
1245 3123 1335 3189 crede
1358 3126 1391 3186 et
1413 3121 1447 3186 iu

295 3229 389 3315 hujus
422 3231 496 3296 vitae
512 3287 515 3290 .
534 3232 653 3296 deliciis
694 3251 787 3296 omne
825 3232 944 3296 malum
984 3232 1113 3297 latitare
1149 3249 1293 3316 agnosce.
1344 3225 1449 3312 Vigor

296 3337 382 3400 enim
404 3337 509 3402 caruis
532 3341 580 3401 est
603 3337 750 3402 valetudo
774 3337 912 3404 virtutis.
959 3335 1027 3412 Quo
1050 3336 1161 3402 audito
1177 3353 1345 3400 conversus
1361 3332 1449 3398 canis

297 3440 426 3525 quievit.

257 3650 594 3729 ⁸0Proverbium,
624 3651 734 3735 quod
766 3652 941 3735 sapiens
969 3650 1097 3716 debet
1126 3669 1216 3714 asse
1243 3653 1448 3733 tempera·

489 3758 557 3820 tus
580 3757 620 3820 iu
644 3756 840 3822 ubertate
862 3777 934 3822 neo
956 3757 1066 3842 gulas
1087 3755 1260 3820 servire.

556 3929 611 3996 De
633 3931 758 4016 vulpe
781 3935 820 3997 et
841 3929 1048 4010 mustela,
1073 3951 1140 4013 cap.
1164 3933 1194 3992 4.

384 4070 556 4136 Macilenta
577 4072 696 4155 vulpes,
720 4071 877 4156 replendae
908 4070 989 4136 cutis
1005 4089 1114 4134 curam
1137 4087 1245 4152 agens,
1269 4067 1448 4132 antidotum

298 4180 330 4241 et
352 4177 539 4262 magistrum
558 4177 734 4261 querebam
763 4177 851 4261 cujus
875 4175 1001 4260 quidem
1025 4195 1126 4260 gnara
1148 4172 1284 4238 mustela
1305 4173 1334 4237 ei
1357 4171 1450 4236 obvia

259 4297 284 4337 ³⁶
299 4281 394 4346 dixit:
426 4285 589 4366 expertum
612 4304 725 4369 quaere,
756 4304 830 4347 nam
851 4280 1047 4365 experientia
1068 4278 1146 4346 facit
1168 4283 1278 4344 artem.
1324 4275 1370 4342 At
1393 4275 1449 4341 illa

298 4387 479 4472 respoudit:
503 4389 585 4466 scio,
609 4387 693 4467 filia,
714 4388 791 4470 seio,
816 4385 978 4473 quiajam
1000 4387 1130 4470 experta
1152 4379 1448 4486 meaehabitudinis
1550 4363 1558 4394 ⁸
