3082 4938
671 357 730 419 163

127 531 199 596 iude
210 530 414 615 proficisceris
425 533 572 594 motuum
585 529 850 612 dissidiorumque
866 529 1154 612 componendorum
1170 552 1273 612 causa,

127 635 288 721 diligenter
309 643 344 701 et
367 636 449 700 serio
472 635 623 698 mandare
645 634 726 698 soles
749 657 805 719 per
827 636 899 698 tuas
923 633 1061 699 diciones
1084 657 1211 714 omues,
1239 642 1275 702 ut

126 740 156 804 in
178 761 238 817 eos,
260 741 316 824 qni
340 739 520 804 doctrinam
543 739 637 803 istam
660 738 727 804 ullo
750 739 842 802 modo
865 737 932 801 sint
953 740 1109 823 amplexi,
1133 742 1275 826 graviter

20 855 21 858 ’
123 845 400 911 animadvertatur.
447 842 518 908 Hoc
540 844 566 906 si
589 842 668 907 facis
690 865 727 908 eo
751 842 898 920 consilio,
926 842 1048 923 Caesar,
1083 849 1120 909 ut
1142 846 1273 925 interea,

125 951 193 1014 dnm
215 950 247 1014 in
273 952 407 1016 comitio
430 971 480 1014 res
504 951 620 1035 agitur,
644 949 727 1013 nihil
746 948 795 1012 illi
812 953 937 1012 mutent
952 952 1008 1012 aut
1023 949 1186 1028 innovent,
1208 952 1273 1035 jam

124 1063 201 1120 certe
223 1077 351 1122 oausam
375 1056 485 1133 habes,
509 1059 545 1119 ut
566 1055 646 1119 illud
662 1058 753 1118 tuum
769 1057 968 1138 perpetuum,
992 1058 1023 1117 et
1038 1055 1122 1136 qnod
1138 1055 1273 1141 singulis

123 1161 209 1224 annis
230 1161 404 1246 aliquoties
427 1160 584 1245 repetitur
605 1160 688 1242 apud
711 1167 802 1236 tuos,
824 1159 976 1237 edictum,
1009 1159 1037 1222 si
1061 1181 1124 1223 uou
1147 1157 1273 1225 abeleas

123 1271 230 1342 totum,
251 1267 371 1330 saltem
395 1265 497 1330 lenias
521 1269 552 1328 et
575 1264 724 1348 mitiges,
760 1268 796 1327 ut
819 1249 928 1326 ne⁸sic
958 1263 1150 1346 accipiatur,
1184 1266 1274 1347 quasi

123 1368 358 1435 nihilomnino
381 1371 459 1435 boni
491 1369 535 1433 sit
563 1369 596 1433 in
628 1369 694 1432 illis
724 1367 802 1451 ipsis
831 1368 943 1445 libris,
978 1389 1112 1451 quorum
1144 1371 1274 1434 nomina

123 1477 208 1538 tuum
231 1475 312 1539 illud
336 1475 500 1539 decretum
523 1473 743 1557 complectitur
766 1477 798 1536 et
820 1473 958 1536 damnat.
990 1470 1097 1536 Nimis
1113 1473 1198 1537 euim
1214 1474 1272 1538 du-

124 1599 190 1643 rum
211 1581 323 1658 fuerit,
347 1580 376 1642 si
399 1599 463 1643 non
480 1577 606 1642 accedat
620 1577 723 1642 lenior
739 1577 975 1660 iuterpretati03
1000 1598 1103 1660 neque
1118 1577 1275 1660 potuisset

123 1683 220 1762 initio,
243 1707 317 1750 eum
340 1685 529 1751 abhorreret
550 1683 653 1747 ailhuc
674 1687 761 1746 totns
784 1681 888 1758 orbis,
912 1680 1041 1767 gravius
1063 1682 1232 1766 quicquam
1255 1705 1275 1748 a

123 1795 154 1853 te
174 1790 319 1874 proponi.
354 1789 459 1854 Debes
481 1795 588 1853 autem
610 1810 647 1852 eo
668 1786 726 1871 [O]
750 1787 852 1871 magis
868 1787 917 1851 vel
933 1787 1059 1851 abolere
1074 1787 1152 1850 illud
1170 1793 1272 1852 totum

122 1891 168 1955 vel
189 1893 351 1958 moderari
372 1893 562 1977 prudenter,
591 1891 675 1976 quod
698 1891 731 1954 in
755 1889 821 1953 illis
843 1888 1027 1955 Ratisbouae
1058 1893 1195 1957 comitiis
1226 1895 1274 1958 ita

122 1997 272 2062 nucitum
297 1997 385 2074 fnit,
419 2003 456 2060 ut
488 1997 693 2081 magistratus
725 1996 760 2058 in
782 2015 839 2058 sua
861 1993 996 2078 quisque
1018 1995 1141 2061 dicione
1165 2019 1272 2063 emen-

122 2101 238 2180 darent,
262 2125 337 2187 quas
359 2104 430 2167 sine
452 2102 530 2166 vitio
552 2101 746 2166 dissimulari
770 2121 832 2165 nou
857 2105 999 2182 possunt.

125 2205 215 2274 Recte
237 2210 368 2292 quidem
392 2208 551 2272 decretum
574 2212 623 2271 est
644 2206 734 2284 illud,
758 2204 810 2268 sed
825 2226 844 2268 o
861 2205 985 2269 utinam
1001 2213 1083 2270 recte
1099 2207 1272 2290 accipiatur

125 2311 163 2374 ab
181 2315 348 2382 omnibns!
394 2311 511 2378 Parum
534 2312 619 2376 enim
642 2317 691 2377 eat
713 2311 879 2376 emendare
910 2331 1031 2376 crassos
1062 2311 1177 2377 abusus
1199 2313 1272 2380 illos

687 2433 705 2472 ιι

125 2521 272 2602 tedoad,
305 2521 467 2608 ausgehen
498 2523 623 2598 lassen,
656 2522 722 2586 und
746 2521 801 2585 das
823 2519 902 2586 eben
925 2543 981 2586 aur
1002 2521 1072 2598 neit,
1096 2521 1143 2583 a'ls
1166 2518 1201 2584 El.
1226 2519 1271 2585 M.

127 2625 175 2690 die
196 2629 331 2714 religion
348 2629 424 2694 sach
447 2626 491 2690 im
515 2625 611 2690 Reich
635 2630 674 2692 zu
697 2626 906 2711 vergleichen‚
929 2624 1113 2710 vongehabt.
1159 2624 1207 2690 Ist
1228 2645 1272 2688 nu

124 2730 223 2796 solclns
241 2732 430 2812 bescheheu,
455 2733 554 2797 damit
569 2733 605 2796 Ε.
624 2733 666 2796 Μ.
685 2734 914 2809 underthoneu,
936 2733 971 2794 in
994 2732 1101 2796 mitler
1123 2732 1185 2796 zeit
1207 2731 1271 2795 und

125 2838 293 2902 werendem
318 2837 499 2923 Reichslag,
524 2838 617 2903 lisine
640 2858 810 2923 neweruug
832 2859 1010 2914 nontamen,
1035 2859 1069 2901 so
1093 2836 1149 2901 hat
1171 2836 1207 2901 Ε.
1225 2836 1269 2901 Μ.

124 2939 203 3006 diser
224 2943 286 3006 neit
308 2941 367 3028 fdg
388 2944 453 3007 und
478 2943 599 3022 ursmh,
623 2943 710 3008 aoloh
728 2943 860 3008 Mandat
875 2941 1091 3020 auffadheben‚
1115 2944 1180 3008 uud
1203 2943 1271 3008 eiu·

124 3046 242 3134 nehuug
265 3049 374 3114 darcin
397 3053 435 3115 nil
459 3050 549 3127 thum
574 3050 673 3114 damit
696 3072 739 3127 es,
763 3072 811 3114 wo
826 3050 876 3112 nit
891 3070 949 3134 gar
965 3047 1135 3132 abgethon‚
1160 3045 1269 3111 iedoch

124 3173 191 3216 zum
213 3155 389 3238 wenigsten
420 3155 600 3240 gelindert‚
634 3154 713 3218 auch
747 3155 796 3218 nit
828 3175 862 3218 so
895 3175 953 3238 gar
983 3154 1033 3216 ins
1055 3153 1178 3238 gemela
1202 3150 1266 3214 und

126 3258 311 3340 generaliter
333 3261 519 3323 verslauden
545 3260 657 3336 werde,
680 3260 726 3323 als
750 3261 790 3323 ol)
814 3260 848 3322 in
872 3259 926 3322 der
949 3262 1084 3343 gantzen
1109 3257 1182 3333 lere,
1206 3254 1271 3318 und

126 3359 213 3426 deren
236 3362 377 3446 gelerlen
402 3357 536 3441 bdeher,
559 3385 594 3427 so
617 3363 650 3427 in
674 3363 882 3448 obgemeltem
905 3361 940 3426 Ε.
967 3362 1009 3426 Μ.
1034 3361 1128 3425 Edict
1150 3363 1271 3446 genunt

127 3467 256 3542 werden,
280 3466 371 3531 uichs
393 3465 581 3532 Chrisllichs
605 3468 687 3532 noch
709 3467 853 3532 leidliclis
876 3467 931 3530 sei.
963 3466 1057 3533 Denn
1081 3487 1112 3530 ee
1136 3487 1217 3530 were
1236 3465 1272 3548 ja

126 3573 161 3634 nt
183 3571 242 3648 vil,
270 3593 357 3636 wana
379 3573 471 3636 dabei
501 3572 627 3638 bleibeu
660 3567 783 3651 miste,
818 3573 883 3637 und
914 3593 978 3635 was
1010 3570 1066 3635 het
1088 3569 1123 3634 n.
1148 3569 1190 3634 Μ.
1215 3592 1272 3634 vor

128 3693 174 3736 xx.
195 3677 281 3759 jaren
305 3676 469 3762 hefftigers
492 3683 607 3763 mdgeu
638 3678 797 3763 ausgehen
829 3679 959 3743 lassen‘l
1004 3675 1059 3741 Nu
1081 3677 1139 3741 soll
1164 3674 1199 3739 E.
1225 3675 1268 3738 M.

127 3777 298 3864 obgemalte
320 3779 451 3846 Mandat
472 3786 510 3847 zd
533 3782 692 3859 lindenau,
726 3783 814 3847 desto
845 3782 1011 3868 geneigter
1039 3782 1105 3845 und
1136 3780 1270 3866 lertiger

128 3881 209 3958 acin,
241 3885 333 3950 dweil
362 3886 443 3950 auch
471 3888 516 3950 im
537 3888 688 3972 jttngsten
713 3889 766 3952 des
789 3887 903 3952 lteiehs
927 3887 1084 3951 Abscheid
1117 3887 1273 3971 georduet

129 3981 185 4064 ic,
205 4009 238 4053 ea
258 3989 305 4054 sol
328 3991 399 4055 eine
420 3992 487 4056 iede
509 3991 662 4058 Oberkeit
682 3993 714 4058 in
741 3993 819 4057 irem
842 3993 971 4078 gablei,
1005 3992 1056 4055 ein
1080 3989 1271 4054 Christliche

131 4087 339 4160 Reformatiou
363 4098 527 4162 anrichten
551 4099 616 4162 und
642 4097 841 4163 handhabeu.
864 4096 869 4183 Ι

212 4199 284 4281 [19]
306 4199 432 4266 Welchs
454 4224 512 4288 gar
535 4206 595 4269 wol
617 4205 729 4288 geredt
751 4205 813 4281 ist,
850 4205 927 4268 wdlt
948 4203 1023 4269 aber
1046 4203 1129 4279 (lot,
1162 4201 1217 4264 das
1239 4220 1271 4262 es

132 4303 288 4382 grllntlich
310 4304 374 4368 und
396 4307 455 4371 wol
479 4309 667 4374 verstanden
691 4310 807 4372 wllrde.
857 4307 967 4386 Danu,
997 4309 1053 4372 das
1079 4328 1151 4370 man
1174 4305 1270 4368 allelu

134 4401 240 4470 suiehe
262 4407 374 4492 grube,
397 4411 636 4496 ungeschickte,
660 4413 726 4477 und
750 4413 910 4477 iedermau
933 4413 1070 4478 bekante
1093 4409 1271 4476 misbreuch

1005 4517 1036 4572 ll
1050 4517 1064 4545 '⁵
