3172 4962
796 220 857 286 196

250 397 335 475 dent,
358 396 431 461 aliis
449 394 561 462 volunt
583 394 756 472 ostendere,
778 395 816 459 ut
837 414 895 478 pro
917 393 978 458 hoc
1000 391 1102 479 magis
1124 391 1192 458 sint
1214 392 1401 458 collaudati.

249 499 328 580 Sed,
360 504 397 566 ut
426 501 504 566 dicit
534 499 721 586 Gregorius,
751 498 886 584 praedari
919 497 1095 578 desiderat,
1131 498 1187 582 qui
1217 498 1406 565 thesaurum

248 604 376 689 publice
397 609 507 690 portat
536 605 569 668 in
595 605 655 670 via.
709 602 792 670 Sunt
816 604 913 668 etiam
935 602 1049 682 multi,
1080 602 1134 686 qui
1166 606 1280 670 cuncta
1307 603 1405 682 bona,

251 731 321 796 quae
351 715 470 796 agunt,
509 709 581 775 aliis
620 709 817 774 innotescere
851 709 994 793 cupiunt.
1047 705 1169 783 Quibus
1199 707 1405 796 Augustinus

222 814 391 900 eloquitur
411 815 533 880 dicens:
556 813 689 893 occulta,
712 813 797 898 quod
820 814 900 900 egis,
925 815 1082 896 quantum
1104 815 1206 896 potes,
1229 813 1342 898 quodsi
1363 836 1406 878 ex

247 924 317 986 toto
338 940 403 984 non
425 923 533 1006 potes,
558 919 596 984 fit
619 919 653 983 in
676 918 783 983 animo
805 917 953 984 voluntas
974 917 1165 984 occultandi.
1212 917 1255 983 st
1277 917 1404 1004 Grego-

248 1026 333 1092 rius:
362 1025 482 1090 bonum
514 1045 593 1110 opus
624 1023 669 1088 sic
691 1023 749 1088 fiat
771 1023 805 1086 in
828 1022 973 1108 publico,
1006 1026 1043 1087 ut
1065 1025 1173 1087 tamen
1197 1023 1334 1090 intentio
1358 1024 1405 1088 sit

247 1131 282 1196 in
305 1131 438 1196 occulto.
484 1129 581 1196 Itemt
604 1127 663 1192 sub
685 1127 805 1206 bestia,
828 1149 924 1211 quam
945 1126 1080 1206 occidit,
1104 1125 1259 1208 moritur,
1283 1127 1405 1214 quide

247 1235 397 1314 victoria,
429 1256 525 1319 quam
547 1232 642 1311 facit,
664 1230 840 1324 gloriatur.
886 1231 999 1298 Refert
1020 1231 1160 1316 Esopus,
1193 1233 1278 1318 quod
1306 1235 1405 1318 lupus

208 1361 233 1398 ιο
248 1340 332 1424 cepit
354 1339 482 1404 hoedum
503 1338 542 1404 de
564 1336 667 1422 capris
691 1337 906 1404 tenerrimum.
953 1337 1013 1402 (lui
1035 1335 1117 1402 dixit
1139 1337 1265 1404 hoedus:
1292 1338 1405 1402 laetare

248 1450 281 1513 et
302 1445 405 1533 gaude
428 1444 544 1532 gaudio
566 1465 692 1530 magno,
718 1443 793 1528 quia
815 1442 914 1509 talem
936 1442 1064 1508 hoedum
1088 1441 1185 1508 habes
1209 1443 1243 1507 in
1265 1446 1322 1508 tua
1343 1464 1402 1528 po-

248 1555 382 1630 testate,
413 1551 467 1616 sed
490 1553 659 1633 antequam
683 1548 828 1614 comedas
851 1570 918 1628 me,
952 1569 1063 1632 precor
1084 1551 1137 1629 te,
1161 1551 1199 1612 ut
1221 1553 1345 1626 cantes,
1369 1551 1404 1612 et

248 1657 324 1722 dum
346 1654 510 1733 cantabis,
543 1675 603 1740 ego
631 1653 764 1721 saltabo.
811 1651 862 1718 Ad
892 1651 953 1718 hoc
981 1654 1077 1738 lupus
1099 1653 1196 1738 coepit
1217 1657 1346 1718 cantare
1368 1655 1402 1716 et

247 1760 359 1827 hoedus
390 1759 514 1826 saltare.
569 1758 660 1836 Quod
689 1757 854 1824 audientes
885 1780 977 1824 canes
1010 1759 1166 1844 impetum
1195 1759 1340 1825 feserunt
1365 1757 1400 1822 in

208 1884 234 1924 1⁶
248 1867 377 1952 lupum,
406 1888 500 1950 quem
523 1865 659 1930 insecuti
682 1865 721 1929 ad
744 1863 804 1928 hoc
826 1863 1065 1947 compulerunt,
1093 1869 1130 1930 ut
1151 1863 1280 1930 hedum
1302 1863 1399 1928 relin-

248 1974 374 2056 queret,
405 1973 438 2034 et
460 1968 571 2035 haedus
592 1968 687 2056 fugit
733 1969 924 2056 Exemplum
946 1973 1010 2050 est,
1042 1971 1125 2054 quod
1149 1969 1285 2055 quilibet
1306 1967 1399 2035 bonis

248 2077 315 2141 suis
336 2079 447 2140 utatur
469 2075 609 2142 silentio.

429 2249 485 2314 De
507 2251 731 2316 strutione
753 2254 797 2316 et
819 2249 1051 2336 cirurgico,
1074 2249 1147 2316 dial.
1173 2252 1224 2315 54.

335 2390 458 2458 Strutio
480 2395 528 2457 est
550 2392 617 2458 avis
640 2395 811 2478 magnast
833 2396 966 2476 potens,
998 2394 1138 2478 pennata
1160 2395 1192 2456 et
1214 2389 1316 2468 alata,
1348 2391 1399 2454 ta·

208 2516 234 2554 ao
247 2517 320 2561 men
350 2496 384 2560 in
415 2499 503 2562 astra
535 2496 658 2562 elevare
690 2518 724 2561 se
752 2517 818 2562 non
848 2501 953 2583 potest
985 2500 1117 2584 propter
1146 2494 1399 2561 imbecillitatem

247 2601 369 2666 alarum
392 2622 529 2666 suarum.
574 2599 653 2666 Erat
682 2601 770 2667 enim
801 2603 918 2668 strutio
948 2603 1076 2686 quidam
1108 2601 1185 2667 satis
1212 2599 1344 2686 pulcher
1368 2603 1399 2665 et

247 2705 386 2784 decorus,
411 2705 466 2788 qui
488 2705 554 2770 alas
578 2704 716 2772 habebat
738 2705 929 2772 fortissimas
950 2711 982 2772 et
1005 2710 1171 2787 venustas,
1203 2708 1312 2770 tamen
1339 2705 1399 2779 alis

246 2830 367 2893 pennas
390 2809 466 2873 duas
491 2808 654 2893 bajulabat
676 2814 824 2890 retortas,
848 2811 886 2876 ds
909 2811 1025 2896 quibus
1046 2811 1221 2895 plurimum
1244 2809 1396 2876 tristaba-

246 2917 309 2978 tur.
357 2913 559 2998 Quapropter
580 2915 619 2980 ad
642 2915 835 3002 cinrrgieum
850 2917 993 3000 perrexit
1013 2916 1134 2982 dicens:
1159 2915 1236 2980 satis
1252 2915 1399 3001 egregius

208 3035 233 3076 aa
247 3039 318 3082 sum
340 3022 374 3082 ct
394 3021 554 3098 venustus,
579 3019 633 3085 sed
655 3041 776 3104 pennas
792 3021 869 3086 istas
879 3023 1026 3099 retortas,
1050 3020 1133 3099 volo,
1156 3017 1240 3104 quod
1256 3026 1399 3105 amputes

247 3121 338 3202 mihi,
362 3122 512 3206 quoniam
535 3123 770 3208 aliquantulum
792 3147 843 3190 me
865 3124 1045 3209 detmpant.
1092 3122 1273 3208 (liturgicus
1295 3129 1401 3192 autem

245 3248 366 3312 pennas
390 3231 526 3293 retortas
549 3227 598 3292 illi
621 3230 801 3313 amputavit
830 3232 862 3295 et
894 3251 965 3295 cum
989 3229 1049 3294 teli
1078 3231 1244 3315 unguento
1273 3233 1305 3294 et
1334 3233 1400 3298 alas

246 3333 357 3410 unxit,
390 3331 475 3416 quod
505 3331 577 3397 alim
607 3354 720 3416 pennae
750 3333 874 3399 alarum
908 3334 1098 3399 ceciderunt.
1150 3331 1286 3418 Propter
1316 3336 1399 3420 quod

246 3458 370 3521 semper
393 3437 551 3521 impotens
574 3437 638 3502 snit
659 3438 700 3504 ad
722 3439 903 3504 volandum.
949 3437 1071 3504 Strutio
1103 3460 1177 3505 vero
1207 3439 1399 3506 amaricatus

207 3561 233 3599 ³⁰
246 3563 345 3626 usque
366 3541 407 3607 ad
429 3547 564 3607 mortem
586 3543 726 3627 ploravit
752 3543 875 3610 dicens:
907 3543 990 3609 sicut
1019 3565 1076 3610 nos
1106 3543 1279 3628 plasmavit
1303 3544 1400 3626 Deus,

245 3648 375 3726 stemus,
398 3669 563 3732 nunquam
586 3668 644 3712 nos
668 3647 882 3714 immutemus.
929 3647 980 3714 Sic
1003 3648 1089 3714 enim
1111 3647 1259 3715 nonnulli
1280 3650 1399 3717 curiosi

246 3753 278 3814 et
299 3750 374 3814 vani
396 3750 471 3816 dum
495 3774 514 3816 a
535 3751 698 3816 conditore
720 3773 777 3818 suo
797 3752 876 3817 satis
891 3757 968 3818 sunt
989 3753 1070 3818 bene
1092 3753 1232 3832 formati,
1256 3775 1322 3820 non
1344 3777 1397 3820 rs·

245 3852 355 3920 ferunt
376 3857 516 3941 gratiam
546 3855 719 3934 conditori,
753 3855 818 3922 imo
848 3858 874 3921 si
897 3857 1037 3942 aliquam
1065 3857 1222 3924 maculam
1244 3858 1399 3925 haberent

245 3957 280 4023 in
302 3980 449 4044 corpore,
481 3960 610 4026 student
632 3960 733 4025 modis
757 3961 904 4026 omnibus
935 3984 1004 4027 eam
1033 3961 1167 4041 mederi,
1200 3962 1237 4028 de
1267 3964 1400 4030 maculis

206 4086 232 4125 ss
246 4083 372 4148 quoque
401 4065 515 4130 animoe
536 4065 620 4131 nihil
649 4066 768 4132 mederi
797 4070 979 4151 procurant.
1030 4065 1091 4132 Sed
1122 4067 1205 4133 sicut
1228 4067 1305 4134 dicit
1327 4067 1397 4136 Au·

245 4168 412 4253 guttinus:
442 4192 505 4236 non
536 4171 622 4236 enirn
654 4173 842 4238 exteriorem
863 4173 1135 4256 pulchritudinem
1157 4172 1292 4258 renuirit
1314 4175 1398 4238 invi-

245 4273 349 4339 sibilis
378 4296 522 4361 sponsus.
575 4273 651 4342 Ideo
682 4277 799 4342 dicitur
829 4275 922 4344 Prov.
953 4275 1074 4344 XXXI:
1105 4277 1205 4344 fallax
1233 4279 1338 4365 gratia
1367 4283 1400 4345 et

1546 1087 1554 1367 l
