3146 4962
839 293 903 358 216

294 489 466 554 magnum,
499 488 558 553 ogo
592 471 698 533 anam
731 489 781 533 me
816 465 919 533 fateor
948 465 1111 551 pulverem
1141 471 1174 533 ot
1204 466 1348 534 cinerem
1376 489 1464 534 esse.

295 573 369 638 Dux
394 572 614 658 Lothoringiae
637 595 710 638 cum
733 578 816 639 esset
839 574 874 638 in
897 573 1066 651 extremis,
1091 573 1262 658 respiciens
1286 573 1402 638 domos
1428 577 1464 638 et

296 681 400 744 caetra
431 699 488 742 sua
519 677 616 742 dixit:
647 700 666 743 ο
696 677 801 758 Deus,
834 677 991 763 quomodo
1021 682 1103 743 sunt
1128 677 1364 744 contemnenda
1395 681 1467 744 ista

295 783 503 867 temporalia,
539 783 615 868 quia
636 805 712 869 ego,
745 785 799 868 qui
822 787 872 849 tot
895 784 993 849 babui
1015 788 1119 849 castra
1140 787 1174 848 et
1196 783 1316 867 palatiu
1349 786 1384 849 et
1410 787 1466 849 tot

270 889 435 974 ahospicia
457 889 532 955 dare
555 891 656 973 potui,
679 889 795 968 nescio,
818 910 881 973 quo
903 888 950 953 ire
971 889 1021 954 rel
1045 888 1202 973 hospitari
1224 887 1375 954 debeam!

540 1062 599 1130 De
622 1064 773 1148 qualia
795 1068 835 1129 et
857 1063 1029 1143 alauda,
1052 1062 1127 1128 dial.
1154 1065 1204 1128 72.

383 1200 497 1276 Qualia
519 1200 606 1264 intra
630 1221 663 1264 se
686 1199 827 1285 cogitare
849 1199 965 1284 ooepit:
988 1202 1037 1264 eat
1059 1200 1210 1286 accipiter
1231 1205 1369 1268 venator
1383 1223 1463 1286 pes-

296 1306 394 1370 simus
418 1304 544 1390 generis
567 1304 647 1382 mei,
682 1304 736 1369 sed
765 1305 792 1368 si
821 1325 931 1389 paoem
966 1307 999 1368 et
1030 1304 1204 1372 amicitiam
1227 1307 1315 1372 illius
1336 1306 1465 1373 habero

297 1411 482 1498 potuissem,
507 1411 778 1495 quamplurimum
801 1431 911 1475 eeoura
931 1431 1159 1494 permanerem.
1205 1410 1341 1496 Ideoque
1360 1413 1407 1477 ad
1424 1435 1463 1476 se

261 1541 287 1577 ro
301 1516 428 1582 vocavit
451 1515 595 1581 alaudam
619 1537 736 1602 rogans
760 1521 792 1582 et
815 1517 938 1582 dicens:
965 1519 1002 1580 tu
1024 1537 1057 1580 es
1080 1516 1180 1602 digua
1200 1517 1342 1598 laudari,
1361 1519 1463 1602 -quia

298 1623 428 1704 propter
452 1620 645 1704 probitatem
669 1625 757 1686 tuam
781 1620 895 1686 alauda
917 1621 1122 1704 nuncuparis.
1168 1619 1290 1687 Idcirco
1312 1627 1381 1688 ate
1401 1623 1461 1688 de-

298 1745 404 1810 posco,
428 1725 513 1807 quod
535 1747 572 1789 ex
588 1730 679 1810 perte
695 1749 764 1792 mea
785 1727 881 1792 vadas
903 1726 942 1792 ad
962 1727 1155 1810 accipitrem,
1178 1731 1212 1791 et
1225 1729 1364 1794 salutare
1380 1751 1461 1813 pro-

299 1850 384 1908 cura,
408 1831 571 1914 iuquiens:
595 1832 703 1915 qualia
724 1833 865 1917 subjecta
879 1831 941 1898 tibi
963 1836 996 1897 et
1011 1832 1159 1898 obediens
1181 1832 1326 1917 cupitae
1348 1838 1460 1899 tecum

300 1936 334 2000 in
359 1936 500 2000 amicitia
531 1935 678 2021 colligari
699 1957 871 2020 pacemque
893 1941 999 2006 tecum
1020 1936 1165 2014 firmare,
1199 1958 1261 2021 qua
1291 1937 1330 2003 de
1361 1960 1485 2008 cauea.

260 2061 285 2100 1⁶
301 2061 352 2104 me
375 2040 464 2104 misit
486 2040 525 2103 ad
538 2045 580 2120 te,
604 2044 641 2105 ut
662 2061 849 2125 responsum
874 2041 903 2106 ei
918 2040 1047 2106 reddam
1063 2042 1223 2126 prolatum
1239 2063 1259 2106 a
1273 2041 1458 2108 curialitate

299 2148 364 2210 tue.
411 2143 537 2209 Alauda
559 2149 665 2212 autem
689 2147 880 2232 simpliciter
903 2147 1056 2231 processit
1077 2150 1110 2212 et
1132 2146 1199 2212 haec
1221 2146 1317 2212 verba
1332 2147 1456 2231 recapi-

300 2247 603 2332 tulavitaccipitri,
636 2250 788 2334 accipiter
819 2272 893 2315 vero
917 2250 1122 2334 perturbatus
1145 2250 1266 2315 alaudae
1288 2252 1457 2336 respondit

300 2353 422 2418 diceus:
447 2353 543 2419 durna
567 2359 616 2419 est
639 2357 692 2422 hic
714 2377 816 2421 sermo
840 2359 872 2420 et
894 2355 1000 2440 gravis
1022 2355 1064 2421 ad
1085 2355 1286 2435 audiendum,
1311 2359 1455 2422 attamen
1549 2335 1552 2354 ⁴

301 2459 382 2538 volo,
408 2460 491 2544 quod
515 2461 622 2527 veniat
644 2467 749 2528 tecum
772 2482 878 2526 coram
902 2482 953 2525 me
976 2481 1012 2525 ac
1033 2481 1090 2544 per
1112 2481 1144 2525 se
1167 2460 1268 2543 ipsam
1291 2459 1454 2545 loquatur.

263 2585 288 2622 20
304 2565 429 2629 Alauda
450 2586 575 2649 quoque
598 2569 637 2631 ad
660 2567 800 2651 qualiam
823 2585 949 2632 reversa
963 2587 1034 2631 cnm
1049 2565 1167 2651 gaudio
1182 2565 1278 2630 verba
1292 2565 1456 2650 accipitris

300 2670 524 2754 promulgavit.
571 2671 641 2738 Hoc
663 2673 793 2737 audieus
815 2671 924 2755 qualia
945 2671 1055 2756 gavisa
1087 2674 1120 2734 et
1149 2669 1218 2754 ipsa
1247 2691 1320 2734 cum
1341 2671 1457 2736 alauda

300 2793 469 2858 progressa
491 2780 540 2840 est
562 2778 601 2840 ad
625 2777 820 2861 accipitrem,
843 2780 880 2841 ut
902 2796 1012 2860 pacem
1035 2779 1068 2840 et
1092 2775 1266 2841 amicitiam
1282 2775 1455 2840 confirma-

301 2880 382 2942 rent.
415 2878 577 2963 Accipiter
587 2886 704 2960 autem,
727 2903 800 2948 oum
812 2904 864 2947 eas
873 2881 1038 2946 videretct
1053 2880 1296 2964 concupisceret,
1311 2880 1453 2964 qualiaru

302 2982 365 3048 cito
387 2984 597 3066 apprehendit
620 2992 652 3052 et
674 2987 877 3054 manducavit
898 2987 1023 3058 dicens:
1051 2986 1161 3052 nullus
1192 2985 1287 3050 debet
1317 3007 1352 3050 se
1375 3007 1454 3051 coae-

263 3105 289 3144 π
303 3109 400 3172 quere
420 3111 492 3154 cum
515 3113 643 3178 magno,
668 3094 723 3160 sed
744 3114 886 3178 pausare.
933 3089 986 3156 Sic
1007 3091 1093 3156 enim
1116 3091 1172 3175 qui
1194 3090 1293 3157 habet
1308 3090 1455 3156 inimicos

303 3192 454 3278 capitales
476 3201 621 3278 potentes
645 3203 677 3264 et
700 3199 849 3265 fortiores
871 3219 913 3276 se,
938 3218 1002 3261 non
1027 3196 1121 3262 debet
1143 3217 1195 3263 eos
1217 3197 1258 3262 ad
1279 3196 1455 3262 amicitiem

301 3319 488 3382 provocare,
523 3325 564 3367 ne
593 3303 627 3368 in
661 3304 790 3388 laqueos
822 3303 1002 3368 eorumdem
1024 3301 1153 3368 incidat.
1209 3301 1303 3368 Unde
1337 3301 1453 3367 Ecelea

302 3403 400 3470 XIII:
433 3427 451 3469 a
473 3406 543 3472 viro
572 3407 710 3475 habente
740 3411 931 3494 potestatem
956 3407 1118 3473 occidendi
1140 3408 1236 3494 longe
1258 3409 1345 3485 esto,
1376 3406 1453 3472 scito

302 3509 404 3590 enim,
438 3511 589 3594 quoniam
618 3515 652 3580 in
677 3515 778 3580 medio
810 3515 998 3598 laqueorum
1021 3514 1087 3596 ejus
1110 3511 1308 3606 ingredierip.
1356 3510 1453 3577 Prout

264 3632 290 3669 ευ
302 3614 422 3693 fertur,
455 3619 539 3702 quod
567 3621 684 3685 asellus
708 3619 836 3704 qnidam
860 3641 954 3685 causa
975 3618 1082 3684 solatii
1112 3619 1146 3682 in
1170 3636 1298 3682 nemore
1327 3616 1451 3682 obvium

303 3719 423 3786 habens
447 3745 560 3807 aprum
584 3747 679 3792 ausus
703 3729 751 3791 est
773 3726 912 3790 salutare
935 3745 1006 3790 eum
1030 3723 1152 3789 dicens:
1173 3743 1247 3800 ave,
1271 3720 1314 3784 mi
1338 3719 1450 3785 frater!

303 3825 374 3890 Hoc
396 3827 527 3894 audiens
550 3851 625 3914 aper
647 3830 695 3894 ira
717 3831 894 3895 commotus
916 3827 1079 3915 cogitabat
1107 3849 1178 3892 eum
1207 3827 1330 3891 laniare
1351 3811 1450 3890 dentiss
1551 3913 1552 3916 Ἴ

303 3932 379 4011 bus,
413 3936 518 3998 tamen
549 3957 582 4000 se
612 3935 748 4000 retinuit
781 3935 904 3999 dicens:
938 3954 997 4020 ego
1027 3937 1059 3998 te
1080 3932 1251 4009 laniarem,
1281 3930 1344 3995 nisi
1367 3951 1449 3995 mens
1551 3921 1552 3928 ἵ

305 4037 381 4101 dene
406 4037 523 4103 nobilis
546 4044 708 4124 sperneret
731 4039 826 4104 vilem
839 4061 950 4118 escam,
975 4039 1058 4104 sicut
1076 4043 1123 4103 est
1138 4057 1210 4102 caro
1225 4041 1291 4114 tua,
1314 4039 1351 4099 tu
1365 4035 1450 4099 iuxta
1551 4125 1552 4134 ἵ

265 4155 290 4193 ³⁶
304 4146 361 4207 tua
383 4143 538 4210 desideria
560 4149 648 4211 tutus
670 4169 712 4214 es.
759 4144 798 4210 In
822 4145 881 4210 hoc
904 4145 1049 4222 docetur,
1081 4141 1164 4227 quod
1186 4139 1300 4219 homo,
1330 4139 1385 4222 qui
1407 4142 1450 4204 eet

305 4245 432 4326 stultus
457 4269 521 4313 uon
545 4250 636 4316 debet
658 4251 705 4316 ire
728 4251 766 4316 ed
789 4249 965 4334 sapientem
988 4248 1037 4314 vel
1061 4245 1192 4312 humilis
1217 4248 1250 4309 et
1275 4264 1393 4328 pauper
1414 4245 1448 4309 ad

305 4353 469 4434 potentem
500 4359 533 4418 et
555 4355 686 4420 divitem
704 4355 787 4440 jocis
818 4358 852 4420 et
881 4353 1101 4420 derisionibus.
1148 4350 1293 4417 Humiles
1316 4349 1448 4414 enimet
