3172 4958
833 361 875 424 34

366 528 415 594 In
437 529 560 594 bonis
584 551 741 596 summa
762 531 1012 596 constantia
1034 536 1072 597 te
1095 531 1335 598 confirmet.

428 701 613 782 Gelosia,
636 702 850 784 asbeston,
874 704 1113 784 sinoelites,
1137 727 1203 791 cap.
1230 710 1279 770 26.

361 840 495 926 Lapides
519 842 613 908 simul
636 843 670 906 in
693 843 799 908 eodem
823 844 892 909 loeo
915 847 1079 910 manentes
1111 845 1149 910 de
1170 867 1299 911 suarum
1322 846 1426 912 admi·

274 947 399 1012 ratione
414 947 570 1012 virtutum
585 947 877 1032 incomparabiliter
889 949 1064 1032 disceptare
1077 953 1241 1034 coeperunt
1257 951 1425 1034 primoque

249 1052 355 1117 edixit
377 1051 515 1137 gelosia:
550 1052 667 1137 quippe
699 1074 770 1118 oum
793 1053 998 1119 adamantina
1019 1076 1084 1118 non
1107 1055 1176 1120 sine
1198 1056 1335 1139 paritate
1358 1055 1424 1118 vir-

272 1157 352 1222 tutis
374 1157 560 1222 fortitudine
582 1157 756 1241 gaudeam,
780 1157 852 1242 plus
874 1163 980 1223 tamen
1005 1159 1135 1240 excedo,
1158 1161 1309 1244 quoniam
1331 1165 1424 1224 tena-

272 1262 397 1327 cissimo
434 1263 573 1346 propriae
610 1262 776 1345 qualitatis
813 1263 922 1348 vigore
958 1264 999 1328 ab
1032 1265 1107 1350 igne
1140 1265 1272 1331 mininie
1304 1265 1421 1330 calefio.
1464 1305 1500 1334 ,ι

272 1367 346 1433 Mox
369 1367 515 1432 asbeston
538 1367 588 1432 illi
609 1389 641 1432 se
663 1366 834 1451 praeferens
858 1369 981 1452 inquit:
1004 1391 1063 1454 ego
1079 1370 1207 1453 quidem
1222 1371 1350 1454 majoris
1366 1370 1421 1436 ad·

271 1472 506 1552 mirabilitetis,
538 1473 571 1536 ni
594 1471 707 1550 fallor,
736 1495 787 1537 me
818 1473 956 1551 aestimo,
988 1475 1138 1557 quoniam
1162 1474 1418 1559 inseparabiliter

232 1596 257 1632 1⁰
270 1581 459 1642 unctuosum
482 1576 648 1641 humidum
672 1577 863 1642 continendo
886 1599 1034 1643 accensus
1056 1580 1161 1656 semel,
1185 1580 1239 1644 xix
1262 1584 1319 1646 aut
1333 1603 1418 1645 nun·

271 1703 366 1766 quam
390 1681 583 1766 exstinguor.
632 1681 754 1758 Quibus
777 1682 895 1746 auditis
919 1683 1080 1748 sinoclites
1109 1683 1271 1771 adjunxit:
1302 1690 1423 1751 vosmet

270 1786 363 1869 ipsos,
387 1790 425 1851 ut
440 1785 540 1864 video,
565 1787 602 1850 de
617 1786 826 1851 mirabilitate
840 1790 954 1851 vestrae
966 1788 1135 1853 contrariae
1148 1787 1422 1854 immutabilitatis

265 1890 405 1974 jactatis,
429 1895 570 1955 attamen
594 1912 653 1976 ego
669 1913 718 1956 me
734 1891 890 1976 siquidem
905 1893 1061 1958 minorem
1078 1914 1140 1958 non
1154 1897 1242 1977 puto,
1270 1896 1419 1978 quoniam

270 1995 422 2060 varietate
444 1995 584 2060 mirabili
606 2017 677 2060 cum
700 1995 777 2060 lunc
799 1997 949 2062 continue
971 2018 1076 2062 cresco
1106 2002 1138 2062 et
1160 1998 1312 2064 decresco.
1357 1997 1416 2062 Sed

232 2101 422 2183 aequoniam
445 2099 500 2182 qui
523 2121 556 2164 se
579 2099 683 2183 ipsum
706 2102 923 2179 commendat,
954 2121 1019 2166 non
1042 2102 1097 2166 ille
1119 2103 1272 2185 probatus
1295 2107 1358 2181 est,
1382 2123 1421 2166 ex

269 2203 329 2269 hoc
350 2205 429 2288 ipsis
459 2227 524 2270 non
555 2206 714 2270 immerito
744 2205 866 2289 placuit
887 2206 1073 2272 carbunculi
1096 2209 1205 2273 audire
1227 2207 1418 2273 sententiam

269 2309 432 2374 radiantis.
478 2308 540 2386 Qui
569 2310 746 2392 praedoctus
781 2311 819 2374 de
849 2332 943 2376 cansa
975 2331 1065 2395 aequo
1092 2311 1227 2376 rationis
1251 2310 1419 2376 libramine

268 2435 342 2478 mox
357 2414 604 2499 disceptantium
618 2413 708 2479 litem
731 2415 964 2480 sententialiter
987 2415 1140 2484 diffinivit
1163 2416 1324 2500 dixitque:
1346 2436 1418 2480 cum

268 2519 501 2584 contrariorum
524 2517 686 2584 habituale
708 2519 752 2584 sit
773 2519 989 2603 prestantius,
1012 2519 1147 2584 calefieri
1170 2521 1210 2586 ad
1232 2521 1345 2586 melius
1368 2523 1416 2584 est

229 2641 255 2680 ιο
268 2623 394 2688 mutari.
441 2621 547 2708 Igitur
565 2625 649 2688 enim
674 2623 857 2709 infrigidari
879 2625 940 2688 erit
969 2624 1003 2687 in
1026 2624 1164 2689 deterius
1186 2625 1339 2703 conserti,
1362 2625 1415 2688 sed

267 2727 418 2791 nimirum
435 2728 469 2791 in
485 2727 637 2792 coratinuo
654 2727 740 2792 fluxu
757 2750 823 2793 esse
840 2728 921 2793 nihil
943 2732 993 2792 est
1015 2750 1090 2794 esse.
1135 2727 1220 2794 Nam
1243 2728 1416 2793 secundum

266 2851 331 2894 non
362 2853 429 2896 esse
448 2837 507 2897 est.
554 2831 646 2896 Unde
664 2833 839 2911 resomnis,
863 2836 1143 2916 quantumcunque
1167 2833 1263 2898 habet
1286 2834 1324 2898 de
1346 2855 1415 2898 mu-

267 2935 398 3014 tatione,
422 2939 547 3001 tantum
571 2934 668 3001 habet
690 2938 727 3002 de
749 2959 814 3003 non
837 2959 911 3003 esse.
955 2936 1034 3002 Dico
1057 2959 1133 3022 ergo
1156 2960 1318 3022 nunquam
1342 2958 1417 3021 pro-

267 3041 385 3104 moveri
407 3041 446 3107 ad
470 3040 599 3121 melius,
628 3041 811 3108 obstinatiae
834 3043 913 3108 dura
936 3043 1078 3126 nequitia
1100 3045 1164 3119 est,
1198 3064 1417 3126 necunquam

229 3163 255 3202 aa
268 3146 302 3210 in
325 3145 462 3210 deterius
491 3147 649 3225 converti,
679 3148 860 3213 constantia
882 3146 1056 3230 sapientiae.
1116 3149 1267 3211 Attamen
1296 3167 1420 3230 semper

267 3251 384 3314 mutari
407 3251 604 3332 desipientia
626 3251 755 3316 vesania
773 3251 944 3334 judicatur,
969 3251 1119 3335 quoniam
1142 3273 1250 3316 amens
1273 3256 1338 3329 est,
1362 3251 1419 3334 qui

266 3362 302 3423 ut
317 3355 395 3420 luna
409 3354 578 3420 rationalis
591 3355 672 3420 lucis
688 3355 817 3446 orbatus
833 3353 1010 3420 stabilitate
1026 3359 1182 3420 mutetur.
1219 3355 1417 3420 Arundinem

265 3459 420 3542 siquidem
433 3481 564 3524 vacuam
579 3459 789 3524 exhalationis
812 3481 936 3543 semper
958 3459 1095 3524 influxus
1119 3459 1290 3524 hincinde
1315 3459 1417 3524 mobi-

266 3563 339 3629 litat
361 3569 393 3628 et
408 3565 496 3628 omni
512 3568 606 3628 vento
622 3564 838 3630 confinctuans
862 3565 1011 3630 continue
1026 3564 1123 3629 fluida
1145 3565 1309 3649 spargitur
1323 3565 1419 3628 naaria

225 3686 251 3725 ευ
265 3669 358 3732 unda.
404 3667 478 3734 Non
494 3668 621 3746 audisti,
644 3669 728 3752 quod
744 3690 840 3754 sagax
856 3670 965 3752 vulpes
981 3669 1078 3734 semel
1093 3669 1293 3752 responderit
1315 3689 1419 3734 esme-

265 3773 360 3838 lionti
382 3773 419 3836 de
441 3773 609 3858 adeptione
630 3773 744 3839 eoloris
760 3775 847 3840 aurei
870 3773 1042 3858 glorianti:
1065 3774 1182 3857 quippe
1205 3773 1259 3838 ubi
1283 3795 1349 3838 non
1372 3777 1419 3837 est

265 3877 433 3956 stabilitas,
458 3877 610 3942 umbralis
622 3883 671 3942 est
681 3879 799 3943 entitas
814 3882 846 3942 et
856 3877 1037 3964 gloriositas
1050 3899 1112 3942 non
1123 3882 1171 3942 est
1183 3879 1279 3942 vera?
1303 3877 1334 3942 N
1336 3899 1418 3942 onne

265 3987 421 4065 quantum
439 3983 477 4047 de
499 3982 685 4062 stabilitate,
709 3987 835 4048 tantum
858 3984 896 4047 de
918 3982 1097 4048 mobilitate
1119 3987 1231 4048 tenent
1253 3982 1361 4046 omnis
1386 3985 1417 4046 et

264 4087 300 4151 in
322 4107 510 4170 unoquoque
541 4109 655 4172 genere
688 4086 805 4152 fixione
836 4087 979 4152 stabilita
1007 4091 1083 4152 sunt
1113 4087 1215 4170 prima
1238 4086 1419 4171 principia?

224 4209 249 4248 ³⁶
263 4189 365 4256 Porro
388 4197 512 4272 natura,
538 4215 608 4277 que
630 4193 796 4276 sapientiae
819 4193 945 4276 quidem
967 4192 1078 4258 ordine
1100 4192 1233 4276 regitur,
1257 4191 1291 4254 in
1309 4211 1415 4254 neces-

264 4295 355 4359 sariis
378 4297 609 4362 variationibus
632 4297 819 4362 stabilitatis
851 4297 988 4366 amatrix
1021 4317 1085 4361 non
1116 4297 1184 4360 sine
1216 4295 1416 4360 firmamento

263 4398 496 4466 uniformitatis
533 4407 685 4466 mutatur.
738 4401 886 4488 Namque
923 4403 1037 4468 eoelum
1069 4423 1192 4485 semper
1228 4401 1417 4488 regulariter
