3146 4962
716 339 778 402 211

114 525 117 542 ¹
171 507 289 574 1111111
310 529 370 574 nec
390 508 558 594 injuriari,
589 530 630 574 ne
659 510 783 574 occulte
812 510 905 576 nobis
935 509 1019 574 male
1043 509 1192 576 inferant.
1238 510 1326 596 Saepe

172 613 257 678 enim
280 612 395 697 recipit
417 613 512 678 homo
537 612 577 676 ab
590 613 664 691 alio,
688 614 773 697 quod
795 614 870 679 fecit
893 614 973 679 aliis.
1021 613 1112 679 Unde
1127 613 1260 680 Seneca:
1285 617 1326 682 eh

171 717 236 783 elio
258 723 415 804 exspecta,
439 718 522 802 quod
546 717 618 782 eliis
641 717 763 782 feceris.
810 717 852 782 Et
874 719 913 783 ad
937 717 1239 784 colossensium:
1270 721 1325 805 qui

172 821 322 904 injuriam
345 823 433 901 facit,
456 821 589 906 recipiet
610 821 694 905 quod
716 822 825 906 inique
847 823 956 907 gessit.
1003 821 1104 888 Prout
1126 823 1225 888 refert
1246 825 1325 890 Bao-

146 946 248 1012 1111,
281 929 366 1013 quod
396 928 504 1011 aquila
535 927 654 992 volavit
682 927 721 992 ad
744 928 846 993 altum
869 931 1009 992 montem
1040 933 1072 992 et
1094 927 1218 994 invenit
1241 930 1324 994 filios

172 1033 294 1118 vulpis,
320 1055 399 1117 quos
422 1034 460 1098 de
482 1032 573 1098 fovea
596 1033 705 1116 rapuit
727 1036 760 1097 et
782 1054 887 1098 secum
911 1033 1003 1096 duxit
1026 1033 1066 1096 ad
1089 1033 1201 1097 nidum
1223 1057 1324 1115 suum,

172 1142 209 1204 ut
232 1159 285 1202 eos
307 1138 483 1204 comederet
514 1158 586 1202 cum
607 1136 683 1202 filiis
706 1137 780 1203 suis.
828 1135 969 1202 Veniens
993 1141 1099 1224 eutem
1124 1137 1233 1222 vulpes
1260 1161 1324 1204 non

171 1243 295 1308 invenit
315 1241 399 1306 filios
421 1246 455 1306 et
476 1241 574 1324 coepit
595 1241 781 1306 descendere
804 1240 843 1306 ad
866 1263 978 1306 nemus
1001 1247 1034 1305 et
1055 1242 1191 1306 clamare
1212 1246 1246 1308 et
1268 1267 1325 1308 au-

173 1347 253 1412 divit
274 1366 327 1412 eos
349 1345 467 1430 ejulare
488 1345 522 1409 in
547 1345 623 1410 nido
645 1344 770 1429 equilae.
815 1344 937 1429 Vulpes
959 1365 1033 1410 vero
1055 1345 1136 1412 dixit
1160 1346 1326 1414 humiliter

135 1455 206 1517 1111
235 1451 368 1516 dulciter
400 1450 530 1534 equilus,
562 1453 599 1515 ut
626 1449 692 1513 sibi
723 1449 867 1515 redderet
900 1449 992 1518 filios.
1047 1451 1165 1535 Aquila
1196 1453 1325 1536 penitus

172 1554 276 1621 noluit
297 1555 406 1620 audire
429 1576 508 1633 eam,
533 1556 642 1639 vulpes
666 1559 771 1620 autem
794 1555 878 1620 irata
900 1545 1025 1620 invenit
1039 1556 1174 1641 stipulas
1197 1560 1230 1622 et
1249 1558 1325 1622 vitis

171 1660 312 1726 surculos
334 1659 433 1726 siccos
462 1663 495 1724 et
516 1659 664 1727 circuivit
685 1659 829 1724 erbonem
859 1664 893 1724 et
915 1681 968 1724 ore
991 1681 1048 1724 suo
1071 1659 1163 1725 duxit
1184 1660 1322 1728 1111111111

171 1769 204 1831 11
233 1765 324 1850 copia
353 1765 436 1830 fumi
464 1764 627 1830 occidebat
659 1763 764 1848 pullos
794 1765 918 1848 equilae.
972 1763 1042 1832 Hoc
1071 1765 1182 1831 videns
1217 1766 1325 1851 aquile

172 1871 332 1937 descendit
354 1870 527 1936 humilians
548 1891 591 1948 se,
615 1869 798 1954 eligensque
814 1891 850 1934 ex
868 1869 988 1934 duobus
1005 1870 1097 1934 malis
1120 1871 1226 1936 minus
1250 1872 1324 1936 red·

132 2002 158 2042 11
171 1976 251 2042 didit
273 1980 380 2042 coacte
401 1974 483 2040 filios
507 1974 621 2058 vulpis.
667 1974 705 2038 In
729 1973 788 2040 hoc
818 1975 947 2040 docetur
968 1974 1081 2054 homo,
1113 1979 1158 2054 ut,
1182 1976 1256 2042 licet
1281 1975 1325 2042 sit

173 2081 283 2166 major,
306 2080 419 2144 timeat
442 2079 606 2144 ostendere
628 2078 781 2144 minorem
805 2101 847 2156 se,
871 2081 904 2142 et
924 2099 1047 2162 semper
1063 2079 1149 2143 inter
1165 2081 1227 2145 duo
1241 2081 1327 2145 mala

173 2185 272 2270 eligat
294 2185 410 2250 minus.
455 2181 546 2250 Unde
569 2187 677 2250 autor:
701 2203 768 2248 non
791 2183 834 2247 sit
852 2183 979 2266 aliquiS,
1003 2184 1059 2267 qui
1074 2185 1201 2249 studeat
1216 2185 1326 2250 obesse

172 2289 299 2369 minori,
323 2311 394 2354 cum
417 2289 497 2354 bene
518 2288 624 2354 minor
647 2289 747 2373 possit
769 2287 878 2352 obesse
901 2287 1024 2371 majori.

323 2451 335 2476 ⁶
410 2461 467 2528 De
488 2463 672 2547 pigardo
694 2467 736 2528 11
758 2461 916 2540 alieto,
940 2461 1014 2526 dial.
1041 2465 1091 2526 68.

133 2631 159 2669 11
259 2603 434 2688 Pigardus,
465 2603 542 2670 dicit
564 2603 731 2689 Huguti0,
762 2606 809 2668 est
837 2602 904 2667 avis
934 2600 1078 2686 quasdem
1108 2605 1141 2665 11
1162 2601 1322 2668 dicitura

172 2709 264 2794 pige,
287 2708 371 2792 quod
395 2713 445 2774 est
465 2708 642 2792 depressio,
666 2707 742 2792 quia
763 2707 846 2772 11111
868 2727 967 2790 parva
989 2710 1056 2785 est,
1088 2709 1121 2771 et
1143 2706 1228 2771 inter
1251 2707 1322 2772 ani-

172 2815 269 2880 malia
283 2813 494 2880 comestibilia
510 2819 695 2878 numeretur
710 2813 934 2878 Deuteronom.
951 2809 1077 2876 Xssw.
1111 2811 1204 2877 Hanc
1219 2817 1326 2878 autem

172 2921 247 2986 dum
270 2919 306 2983 in
328 2923 398 2985 1111
420 2939 518 3002 rapax
540 2918 607 2983 avis
630 2920 880 3002 persequeretur,
904 2921 943 2982 ut
957 2917 1112 2995 evaderet,
1136 2917 1175 2983 ad
1191 2917 1324 2983 alietum

172 3024 345 3090 declinavit
367 3023 492 3088 dicens:
518 3043 654 3108 magnus
676 3045 709 3088 es
725 3025 771 3100 tu,
794 3027 908 3105 potens
932 3025 966 3086 et
987 3022 1184 3100 misericors,
1209 3022 1325 3088 idcirco

133 3153 159 3193 11
172 3130 213 3196 ad
235 3133 267 3194 te
290 3129 449 3215 confugio,
473 3149 545 3194 cum
568 3128 626 3193 sim
650 3149 749 3211 parva
771 3132 803 3191 et
827 3127 996 3210 impotens,
1019 3147 1076 3192 nec
1090 3127 1249 3212 retugium
1266 3128 1348 3208 aliq

173 3235 257 3319 quod
281 3234 382 3300 habeo
405 3255 462 3300 nec
484 3232 625 3298 defensio
647 3236 696 3297 est
725 3233 760 3296 in
791 3253 856 3308 me3
886 3234 1018 3315 protege
1049 3253 1100 3296 me
1131 3232 1190 3296 sub
1212 3233 1327 3298 umbra

173 3340 295 3406 alarum
317 3342 445 3404 tuarum
469 3342 502 3404 et
512 3337 645 3403 defende
660 3357 711 3400 me
729 3357 748 3400 a
763 3335 870 3400 furore
885 3335 1018 3419 rapacia.
1064 3334 1190 3400 Alietus
1208 3339 1325 3413 autem,
1359 3379 1363 3388 ·

173 3443 251 3510 dicit
273 3445 398 3530 Papias,
423 3444 560 3510 oetavis
582 3441 697 3508 similis
720 3441 853 3524 aquilae,
877 3439 931 3504 sed
952 3442 1064 3525 major.
1109 3438 1234 3506 Pietate
1255 3461 1325 3506 mo-

173 3553 225 3614 tus
247 3549 429 3634 respondit:
452 3571 490 3614 ex
513 3551 633 3633 quotu
657 3545 838 3612 humillima
860 3545 927 3610 evis
948 3566 981 3609 es
1005 3548 1038 3610 et
1053 3544 1229 3628 impotens,
1253 3545 1326 3610 sede

133 3657 208 3718 1111
230 3655 355 3737 quiesce
377 3655 461 3738 apud
483 3675 533 3718 me
555 3652 701 3736 nihilque
724 3651 847 3730 timeas,
872 3651 971 3716 donec
994 3649 1093 3714 fueris
1116 3669 1250 3715 meeum.
1284 3647 1327 3714 Et

174 3758 273 3826 dixit:
305 3758 440 3825 humiles
473 3763 548 3824 sunt
580 3756 769 3842 protegendi
802 3761 836 3821 11
865 3777 931 3820 non
964 3777 1105 3839 unquam
1136 3755 1325 3839 expellendi.

174 3862 212 3930 In
238 3864 297 3930 hoc
320 3866 469 3948 apparet,
499 3864 583 3947 quod
604 3864 796 3946 impotentes
818 3865 851 3926 et
874 3882 1026 3945 pauperes
1049 3864 1082 3925 et
1099 3860 1235 3926 humiles
1252 3865 1328 3925 sunt

173 3968 447 4054 apotentiorihus
469 3967 655 4053 protegendi
679 3971 712 4032 et
735 3967 768 4030 in
792 3966 857 4030 suis
878 3965 1120 4030 necessitatibus
1145 3965 1326 4048 adjuvandi,

174 4076 249 4160 quia
271 4075 330 4140 hoc
350 4073 564 4140 misericordia
589 4077 622 4138 et
644 4071 826 4136 humanitas
848 4075 896 4134 cst
919 4073 961 4149 et,
986 4075 1021 4134 ut
1037 4069 1115 4134 dicit
1132 4069 1326 4148 Bernardus,

134 4181 275 4248 11111111
306 4180 499 4246 humilitatis
533 4178 633 4260 major
666 4181 715 4242 est
745 4178 779 4240 in
811 4175 984 4260 majoribus
1013 4179 1046 4240 et
1074 4174 1109 4238 in
1141 4175 1327 4240 clarioribus

174 4287 409 4371 comprobatur.
455 4283 574 4350 Seneca
595 4305 721 4367 quoque
744 4281 807 4347 ait:
831 4281 894 4364 qui·
909 4301 1089 4346 succurrere
1111 4285 1218 4364 potest
1240 4281 1325 4366 pe'ri-

173 4395 301 4458 tumet
324 4413 389 4456 non
412 4389 585 4469 succurrit,
619 4387 743 4456 occidit.
789 4385 960 4452 Habebant
993 4384 1119 4468 quidem
1148 4389 1180 4451 et
1202 4387 1326 4471 antiqui

1055 4491 1118 4557 14*
