3058 4946
792 317 854 379 100

246 493 518 576 conquererentur
541 509 666 554 omnes:
691 489 775 568 cedo,
800 510 876 554 num
900 487 938 551 ad
960 485 1049 551 illam
1072 483 1229 572 publicam
1254 488 1401 553 omnium

245 596 474 681 querimoniam
506 593 545 658 iis
578 593 674 678 ipsis,
710 594 765 678 qui
797 599 901 658 essent
933 593 1087 672 accusati,
1118 593 1332 678 permittenda
1354 594 1401 658 sit

243 701 452 767 formularum
474 703 506 764 et
525 698 608 783 juris
631 699 834 763 emendatio?
879 697 1070 782 Fingamus,
1101 698 1153 763 hic
1175 701 1257 784 apud
1281 723 1338 765 nos
1362 701 1399 764 in

187 837 191 846 ·
245 807 424 872 Germania·
434 809 579 870 senatum
595 825 662 867 esse
677 787 926 879 cardinalicium,
950 803 1040 866 illum
1065 803 1143 881 dico,
1171 825 1264 888 quem
1287 807 1399 869 tanto-

243 935 316 996 pere
339 911 541 995 suspicimus,
577 909 795 987 observamus,
828 931 1008 973 reveremur
1030 913 1061 973 et
1084 909 1277 974 admiramur
1300 931 1396 974 sena-

244 1020 323 1081 tum.
368 1016 485 1082 Videas
513 1036 623 1080 omnes
654 1015 824 1098 patricios,
858 1013 1035 1096 praesertim
1067 1014 1160 1092 illos,
1196 1015 1310 1099 quibus
1339 1037 1398 1099 per

243 1125 368 1186 aetatem
391 1125 423 1185 et
446 1119 657 1186 valetudinem
681 1118 725 1182 sit
747 1120 920 1203 integrum,
944 1118 990 1182 ita
1012 1118 1126 1196 vivere,
1151 1120 1240 1202 quasi
1265 1119 1398 1202 eupiunt

243 1230 275 1291 et
298 1226 399 1290 velint
419 1247 512 1289 omne
535 1245 635 1310 genus
665 1223 866 1306 voluptatum
896 1222 948 1287 hic
977 1221 1163 1302 exhaurire,
1199 1225 1289 1306 qnasi
1322 1229 1398 1307 post

244 1336 378 1396 mortem
408 1330 489 1395 nihil
518 1329 562 1393 sit
595 1328 677 1412 quod
709 1328 841 1392 delectet
870 1328 1023 1410 amplius;
1058 1327 1162 1392 videas
1192 1328 1311 1394 nullam
1342 1351 1398 1393 eos

243 1437 330 1502 obire
352 1435 402 1500 vel
426 1435 583 1518 suscipere
606 1432 745 1496 moueris
778 1432 979 1497 ecelesiastici
1014 1436 1157 1516 partem,
1192 1455 1255 1498 non
1286 1435 1398 1499 dooere

243 1562 433 1626 quenquam,
457 1561 520 1603 non
544 1537 662 1601 discere
685 1537 855 1620 quicquam
870 1538 910 1602 ab
926 1538 1042 1622 aliquo,
1066 1539 1119 1602 sed
1132 1540 1396 1624 omnesipsorum

243 1645 453 1732 cogitationes
482 1646 513 1706 et
545 1641 650 1706 studia
683 1645 824 1725 spectare
852 1642 955 1705 solum
984 1642 1024 1705 ad
1056 1663 1151 1726 opum
1183 1647 1215 1708 et
1238 1643 1396 1710 honorum

243 1749 541 1834 amplificationem
577 1745 702 1824 videas,
738 1745 893 1828 quisunt
924 1767 995 1810 cum
1022 1745 1121 1830 ipsis,
1157 1747 1329 1814 familiares
1362 1754 1397 1814 et

243 1853 429 1920 domesticos
463 1872 572 1914 omncs
600 1853 817 1933 representare
848 1851 946 1915 vitam
982 1855 1014 1914 et
1042 1874 1144 1916 mores
1176 1855 1396 1934 dominorum

243 1962 365 2025 oriatur
399 1957 511 2022 deinde
534 1957 709 2022 communis
733 1957 876 2020 omnium
897 1957 1026 2040 querela
1051 1957 1088 2022 do
1110 1958 1243 2024 libidine
1265 1964 1297 2024 et
1318 1983 1395 2025 ava·

242 2066 318 2130 ritia
340 2069 372 2130 et
395 2063 569 2148 rapacitate
591 2062 731 2146 ipsorum
755 2061 959 2126 intolerabili.
1007 2064 1138 2140 Quaeso,
1168 2085 1246 2128 num
1274 2066 1318 2130 sit
1340 2066 1395 2130 fu·

242 2173 361 2234 turnm'
374 2169 464 2234 valde
486 2167 665 2244 ridiculum,
688 2167 716 2230 si
732 2187 831 2231 causae
847 2166 990 2250 cognitio
1006 2165 1164 2231 deferatur
1180 2168 1217 2230 ad
1234 2168 1292 2233 hos
1309 2170 1397 2253 ipsos

242 2297 407 2358 proceres,
439 2275 494 2359 qui
517 2273 644 2358 publice
667 2273 822 2348 accusati,
852 2293 979 2354 poenam
1004 2270 1160 2336 sustinere
1183 2272 1339 2339 debebant
1362 2281 1396 2339 et

243 2380 276 2443 in
299 2379 442 2444 ordinem
466 2378 559 2464 cogi?
606 2377 740 2455 Nonne,
775 2377 801 2440 si
832 2382 947 2460 prater
978 2376 1035 2440 illa
1056 2377 1190 2442 crimina
1213 2380 1396 2464 superbiam

243 2505 366 2567 qnoque
389 2484 627 2568 conjungerent,
651 2503 750 2566 eoque
772 2483 1038 2566 progrederentur
1060 2483 1261 2563 temeritatis,
1285 2489 1322 2548 nt
1339 2486 1396 2569 ju-

242 2589 367 2652 dicandi
400 2587 495 2652 etiam
530 2593 721 2672 potestatem
754 2588 816 2652 sibi
849 2593 1030 2665 sumerent,
1065 2589 1127 2672 [H]
1162 2593 1195 2654 et
1227 2591 1306 2656 alios
1339 2613 1396 2656 ex-

809 2761 827 2800 11

241 2902 430 2985 libertragen
455 2901 566 2964 wllrd‘l
611 2900 666 2965 Ich
690 2907 754 2966 sela
778 2902 836 2965 den
860 2901 934 2980 fall,
967 2903 1022 2966 das
1044 2902 1207 2987 obgenant
1230 2903 1394 2969 Consisto-

240 3006 333 3084 rium,
357 3006 407 3070 bei
430 3027 490 3068 uns
513 3004 557 3068 im
580 3006 654 3069 land
678 3006 730 3083 ist,
754 3007 819 3070 und
843 3007 898 3070 das
921 3007 988 3071 also
1010 3008 1180 3092 yederman
1205 3008 1306 3086 sihet,
1333 3010 1395 3074 wie

241 3111 285 3174 sie
308 3110 385 3188 alle,
409 3113 478 3175 adm
502 3110 696 3195 wenigsten,
728 3111 779 3174 die
801 3134 834 3176 es
857 3111 954 3176 alters
977 3114 1042 3176 und
1065 3113 1145 3177 leibs
1168 3112 1283 3177 halben
1309 3114 1392 3178 chon

240 3216 377 3292 kbnnen,
401 3216 452 3279 ein
476 3215 579 3279 solchs
602 3215 691 3280 leben
717 3211 820 3293 ffiren,
844 3216 899 3280 das
922 3218 973 3280 ein
995 3217 1089 3302 yeder
1107 3216 1174 3281 sich
1192 3219 1394 3283 verwundert

240 3320 305 3384 und
335 3320 475 3404 spricht,
512 3319 588 3384 Dise
619 3319 687 3383 leut
716 3320 819 3382 haben
849 3321 878 3384 ir
900 3321 1084 3386 himelreich
1109 3321 1177 3386 anff
1196 3323 1313 3401 erden,
1350 3322 1395 3388 Fa

239 3425 380 3489 scheinet
402 3426 457 3489 das
480 3425 524 3488 sie
546 3446 735 3510 vermeynen
760 3425 897 3490 imerdar
920 3427 971 3490 hic
994 3430 1032 3492 nd
1055 3427 1192 3512 pleiben,
1216 3429 1290 3492 oder
1314 3430 1391 3494 aber
1470 3497 1475 3504 ,

239 3529 294 3592 das
317 3528 537 3592 hernachmals
559 3529 640 3612 lrcyn
666 3528 755 3592 freud
782 3530 860 3593 noch
884 3532 1008 3594 wollnst
1031 3532 1084 3594 sei.
1118 3531 1193 3594 Man
1211 3533 1304 3611 silret,
1330 3534 1390 3599 wie

239 3634 283 3698 sie
306 3632 373 3697 sich
397 3632 516 3717 keyner
540 3632 594 3708 ler,
619 3632 718 3716 keyns
749 3634 933 3716 predigens,
967 3636 1066 3720 keyns
1096 3636 1224 3700 rechten
1251 3636 1391 3702 Kirchen

240 3743 344 3822 ampts
366 3760 532 3814 annemen,
556 3739 679 3816 sonder,
705 3739 759 3802 das
783 3739 825 3803 all
849 3739 876 3802 ir
900 3761 1001 3803 wesen
1025 3741 1089 3805 und
1113 3741 1215 3818 then,
1243 3764 1304 3806 nur
1327 3745 1394 3808 auff

239 3842 440 3908 reiohthumb
460 3842 525 3906 und
547 3846 660 3924 pracht
683 3842 842 3926 gerichtet
864 3844 916 3922 ist,
941 3845 1005 3908 und
1029 3847 1090 3910 aud
1114 3847 1184 3910 dem
1216 3846 1326 3924 leben,
1356 3869 1392 3913 so

238 3950 284 4012 sie
306 3947 471 4012 offentlich
492 3969 534 4012 on
558 3947 620 4011 alle
642 3946 743 4012 schew
767 3945 880 4026 fllrcn,
910 3950 1006 4029 auch,
1031 3953 1092 4015 aull
1115 3951 1178 4015 irer
1201 3951 1393 4036 geselschalt

238 4075 273 4116 so
296 4053 432 4137 taglichs
455 4052 531 4117 umb
554 4053 598 4116 sie
620 4052 678 4130 ist,
707 4053 870 4119 leichtlich
902 4056 1014 4120 radten
1046 4056 1111 4119 und
1138 4056 1292 4120 abuemen
1316 4057 1391 4136 kan,

236 4157 297 4220 wie
319 4157 364 4220 sie
387 4157 521 4242 daheym
544 4158 628 4222 haull
650 4157 778 4235 haltcn,
813 4160 877 4224 und
902 4160 971 4224 sich
994 4160 1069 4224 aber
1092 4161 1231 4225 darnaoh
1253 4164 1390 4246 adtregt,

238 4263 292 4324 das
315 4262 485 4345 yederman
508 4261 585 4326 liber
607 4263 652 4326 sie
675 4263 799 4348 klaget,
833 4265 911 4347 und,
931 4267 986 4328 das
1009 4287 1083 4330 man
1107 4265 1173 4328 disc
1197 4267 1276 4350 ding
1299 4261 1391 4329 mdllt

238 4365 448 4446 Reformiren,
472 4366 576 4430 wllrds
600 4368 650 4431 nit
673 4369 737 4431 last
758 4368 930 4434 liicherlich
954 4371 1032 4450 sein,
1057 4393 1105 4435 wo
1124 4372 1270 4434 mandas
1286 4369 1391 4456 urleyl
