3172 4958
653 333 743 404 ,π’

143 512 226 578 llsto
246 511 350 598 igitur
371 514 550 591 contentus,
574 511 602 577 si
624 512 701 578 satis
722 511 829 591 habes,
852 530 912 577 nec
933 511 1066 578 vitiosus
1089 514 1129 580 ad
1151 514 1292 580 servien-

144 618 220 682 dum
242 617 380 696 deliciis,
404 616 457 682 sed
480 621 608 682 tantum
629 619 669 684 ad
691 618 941 683 subveniendum
964 618 1152 696 necessitati,
1177 619 1292 684 volun-

144 727 212 788 tate
227 723 328 787 libera
344 743 465 805 quaeras
476 741 561 808 opes,
577 723 782 808 cupiditatem
793 723 919 788 dimitte
929 726 961 787 et
972 743 1045 787 mox
1060 723 1098 787 cd
1115 724 1246 808 plenum
1261 728 1293 788 te

144 827 285 892 invenies
307 827 448 892 divitem.
494 826 578 893 Nam
606 832 639 892 et
671 827 756 894 clara
777 828 879 892 fertur
901 825 1056 912 Epicurus
1085 827 1294 912 philosophus

115 932 331 997 rdiffiniriase
364 931 541 998 sententia:
578 931 612 995 in
647 932 728 996 reris
763 930 1014 1015 multiplicandis
1048 929 1170 994 divitiis
1203 930 1293 996 nullo
1390 989 1394 997 .

143 1036 237 1102 modo
258 1041 306 1101 est
342 1036 552 1119 adjiciendum
575 1037 738 1121 pecunie,
770 1035 823 1100 sed
858 1035 999 1100 arantis
1032 1033 1291 1104 subtrahendum.

144 1141 249 1206 Tanto
272 1161 408 1224 namque
424 1140 629 1226 dignoscitur,
652 1141 723 1224 quis
745 1144 826 1205 esset
848 1139 954 1216 ditior,
978 1141 1099 1222 quanto
1122 1139 1156 1202 in
1179 1159 1216 1204 ea
1238 1163 1292 1207 cn-

143 1246 261 1332 piditas
283 1251 330 1312 est
352 1247 466 1313 minor.
511 1245 632 1323 Quibus
656 1245 748 1311 dictis
771 1245 915 1310 auditore
938 1245 1030 1309 docto
1053 1243 1219 1328 disparuit.

143 1455 200 1522 De
222 1457 359 1536 malis,
382 1477 469 1542 qua
497 1458 792 1543 utplurimum
815 1455 1080 1521 accidenter
1104 1453 1291 1520 divitiis.

104 1651 130 1688 ιο
437 1631 492 1697 De
513 1633 640 1718 vulpe
662 1637 701 1698 et
722 1631 860 1709 simia,
883 1652 951 1716 cap.
977 1637 1004 1696 5.

233 1771 383 1837 Vetulam
413 1773 539 1857 vulpem
567 1774 659 1838 simia
683 1771 852 1857 juvencula
881 1771 1023 1856 preciosa
1052 1771 1136 1856 pelle
1157 1771 1292 1837 ditatam

134 1876 332 1986 ‘adspiciens
355 1877 464 1942 livoris
487 1877 645 1942 miseriam
661 1879 777 1942 misera
792 1877 944 1964 gignente
959 1876 1118 1960 pauperie,
1146 1896 1219 1940 mox
1240 1876 1291 1940 in-

142 1981 225 2046 vidit
248 2003 283 2046 ac
306 1981 400 2046 simul
423 2003 493 2047 cum
516 1983 607 2047 oculo
629 1983 799 2047 livescente
829 1981 941 2066 lingua
970 1981 1069 2044 dixit:
1101 1981 1179 2045 satis
1208 1985 1293 2046 certe

144 2084 245 2170 digna
265 2084 405 2151 factricis
428 2089 568 2152 omnium
593 2088 772 2172 provisione
787 2092 909 2152 naturas
924 2086 985 2150 tibi
1001 2086 1152 2150 donatum
1165 2090 1223 2163 est,
1256 2089 1294 2149 nt

103 2205 130 2245 1⁶
144 2194 237 2255 tanta
259 2189 425 2268 calliditas,
450 2195 540 2257 tanta
564 2193 689 2276 quidem
713 2193 812 2258 cauda
829 2191 1060 2276 splendesceret
1081 2193 1113 2254 et
1128 2189 1292 2273 vulpinam

144 2297 245 2359 artem
269 2316 406 2359 aranon
440 2295 599 2363 immerito
632 2298 787 2362 naturalis
819 2297 943 2362 ditaret.
990 2294 1049 2360 eui
1078 2294 1152 2372 illa,
1182 2294 1292 2359 multis

140 2399 208 2482 jam
230 2398 340 2464 edocta
361 2402 585 2485 experimenti
597 2403 764 2480 malorum,
787 2406 874 2466 moto
897 2401 1000 2484 capite
1021 2398 1203 2482 respondit:
1227 2419 1290 2462 non

143 2505 193 2567 est
215 2505 341 2583 mirum,
364 2505 390 2570 si
414 2505 609 2572 infantiliter
630 2507 780 2592 opinatur
802 2504 942 2570 infantia
964 2507 997 2570 et
1011 2504 1038 2568 si
1054 2523 1136 2568 oseca
1150 2501 1293 2585 loquitur

144 2625 234 2670 mens
255 2606 438 2692 inexperta,
461 2631 600 2675 senesoes
622 2611 749 2693 quidem
772 2615 804 2675 et
827 2610 929 2675 multa
953 2607 1122 2692 prospicies
1145 2609 1177 2670 et
1199 2603 1292 2670 aliter

103 2731 130 2769 ao
143 2711 270 2776 senties.
317 2711 385 2788 Quo
407 2713 492 2779 dicto
515 2714 641 2800 rogavit
663 2735 732 2780 eam
754 2715 881 2798 vulpes,
912 2712 1173 2779 utconrivantes
1196 2710 1292 2776 sitnm

143 2815 334 2883 incederent.
380 2817 471 2884 'func
492 2819 586 2883 simia
608 2819 702 2884 dixit:
727 2821 788 2884 etsi
811 2819 1021 2884 verecundum
1045 2816 1126 2880 mibi
1149 2816 1202 2895 sit,
1225 2817 1293 2880 sine

142 2919 242 2984 cauda
263 2939 395 3006 pergere
416 2941 487 2986 curn
500 2924 642 3003 caudata,
665 2927 783 3002 tamen,
804 2925 886 3008 quod
902 2924 1052 3008 postulas,
1076 2923 1188 3005 placet,
1214 2941 1291 3006 qno·

143 3023 231 3087 niam
259 3024 465 3090 erudimentis
492 3028 557 3092 tuis
590 3027 669 3093 mihi
699 3029 845 3094 fortassis
879 3028 1005 3094 astutiae
1036 3026 1135 3092 cauda
1164 3029 1290 3091 crescet.

143 3126 244 3192 Simul
268 3127 368 3213 igitur
389 3131 622 3213 proficiscentes
645 3157 718 3199 cum
741 3135 925 3204 edentatum
947 3131 1147 3216 elephantem
1162 3130 1291 3196 babuis-

103 3251 129 3290 se
143 3232 216 3295 sent
236 3231 379 3310 obvium,
412 3234 450 3300 de
478 3257 571 3302 eausa
593 3237 773 3321 hujusmodi
803 3259 874 3302 cnm
903 3238 1080 3320 peteretur,
1112 3235 1290 3318 respondit:

143 3334 185 3400 ob
200 3335 414 3402 desiderabilis
424 3338 528 3404 dentis
543 3341 726 3406 aviditatem
742 3340 861 3405 bellum
875 3341 1026 3405 amatrice
1041 3338 1204 3403 discordiae
1218 3359 1292 3402 ava-

143 3441 220 3505 ritia
251 3443 437 3521 maritante,
473 3453 510 3510 ut
531 3446 613 3512 ostia
635 3447 821 3531 cupidorum
840 3446 904 3530 jam
930 3465 994 3510 non
1017 3442 1150 3527 cupidus
1172 3441 1292 3527 effuge-

143 3565 228 3623 rem,
258 3545 340 3630 slegi
369 3548 499 3630 perdere
527 3571 616 3616 arma
642 3557 773 3618 natura.
821 3550 989 3636 Belligeris
1012 3569 1149 3631 namque
1170 3546 1293 3611 divitiis

144 3648 319 3734 eligibilius
341 3671 444 3718 carere
466 3659 524 3735 est,
549 3678 645 3740 quam
668 3657 706 3722 ad
718 3655 900 3741 hujusmodi
916 3655 1051 3720 tuendas
1072 3673 1203 3735 prorsus
1219 3671 1291 3736 per·

103 3773 130 3813 so
144 3756 284 3820 amatam
316 3755 389 3821 vitas
422 3760 609 3825 suavitatem
645 3762 801 3826 amittere.
856 3759 978 3824 Deinde
1010 3779 1083 3823 eum
1117 3755 1292 3820 luminibus

142 3859 301 3947 privatam
331 3862 396 3926 suis
423 3865 622 3948 gradientem
651 3866 789 3951 hyenam
820 3865 940 3949 pariter
970 3861 1184 3939 invenissent,
1215 3861 1292 3924 dirae

142 3964 300 4050 passionis
322 3965 519 4049 inquirentes
540 3989 666 4034 causam
688 3969 939 4035 lamentabiliter
966 3966 1143 4033 audierunt.
1189 3963 1291 4029 Effre-

142 4073 221 4135 nata
242 4068 388 4136 humanas
410 4072 594 4156 cupiditatis
617 4075 784 4158 rapacitas,
808 4095 873 4139 non
896 4078 963 4138 tam
983 4074 1015 4137 vi
1030 4093 1127 4156 quam
1142 4075 1211 4136 arte
1226 4070 1292 4134 doli

142 4174 283 4252 munita,
321 4175 453 4258 perditis
487 4177 615 4260 quidem
653 4177 834 4244 melioribus
879 4177 912 4241 in
950 4177 989 4241 iis
1025 4195 1221 4261 gemmarum
1244 4175 1292 4239 di·

104 4297 129 4334 a
144 4277 250 4356 vitiis,
286 4277 406 4358 oculos,
446 4299 524 4364 quos
562 4282 761 4366 concupivit,
798 4279 963 4348 destruxit.
1024 4277 1115 4344 Bona
1150 4280 1236 4344 enim
1273 4299 1292 4343 a

143 4381 235 4446 bonis
256 4381 451 4466 perduntur,
482 4403 554 4450 cum
582 4389 699 4470 praeter
720 4385 939 4452 nmessitatem
967 4382 1175 4470 superfluunt
1222 4383 1292 4464 Quo
