<?xml version="1.0" encoding="UTF-8"?>
<!DOCTYPE html PUBLIC "-//W3C//DTD XHTML 1.0 Transitional//EN"
    "http://www.w3.org/TR/xhtml1/DTD/xhtml1-transitional.dtd">
<html xmlns="http://www.w3.org/1999/xhtml" xml:lang="en" lang="en">
 <head>
  <title>
</title>
<meta http-equiv="Content-Type" content="text/html;charset=utf-8" />
  <meta name='ocr-system' content='tesseract 3.04.00' />
  <meta name='ocr-capabilities' content='ocr_page ocr_carea ocr_par ocr_line ocrx_word'/>
</head>
<body>
  <div class='ocr_page' id='page_1' title='image "./zweiredenankais02sleigoog/zweiredenankais02sleigoog_0203.png"; bbox 0 0 3082 4938; ppageno 0'>
   <div class='ocr_carea' id='block_1_1' title="bbox 833 291 895 354">
    <p class='ocr_par' dir='ltr' id='par_1_1' title="bbox 833 291 895 354">
     <span class='ocr_line' id='line_1_1' title="bbox 833 291 895 354; baseline 0 -1"><span class='ocrx_word' id='word_1_1' title='bbox 833 291 895 354; x_wconf 85' lang='lat'>194</span> 
     </span>
    </p>
   </div>
   <div class='ocr_carea' id='block_1_2' title="bbox 218 459 1438 2111">
    <p class='ocr_par' dir='ltr' id='par_1_2' title="bbox 218 459 1438 2111">
     <span class='ocr_line' id='line_1_2' title="bbox 285 459 1436 548; baseline -0.008 -17"><span class='ocrx_word' id='word_1_2' title='bbox 285 465 345 531; x_wconf 88' lang='lat' dir='ltr'>bus</span> <span class='ocrx_word' id='word_1_3' title='bbox 367 468 400 530; x_wconf 89' lang='lat' dir='ltr'>et</span> <span class='ocrx_word' id='word_1_4' title='bbox 428 464 629 548; x_wconf 83' lang='lat' dir='ltr'>amplificare.</span> <span class='ocrx_word' id='word_1_5' title='bbox 675 461 782 526; x_wconf 88' lang='lat' dir='ltr'>Nimis</span> <span class='ocrx_word' id='word_1_6' title='bbox 811 461 897 526; x_wconf 89' lang='lat' dir='ltr'>enim</span> <span class='ocrx_word' id='word_1_7' title='bbox 927 481 1045 546; x_wconf 82' lang='lat' dir='ltr'>magna</span> <span class='ocrx_word' id='word_1_8' title='bbox 1074 461 1117 526; x_wconf 90' lang='lat' dir='ltr'>sit</span> <span class='ocrx_word' id='word_1_9' title='bbox 1146 482 1184 524; x_wconf 85' lang='lat' dir='ltr'>ea</span> <span class='ocrx_word' id='word_1_10' title='bbox 1214 459 1371 536; x_wconf 82' lang='lat' dir='ltr'>servitus,</span> <span class='ocrx_word' id='word_1_11' title='bbox 1405 462 1436 522; x_wconf 86' lang='lat' dir='ltr'>et</span> 
     </span>
     <span class='ocr_line' id='line_1_3' title="bbox 287 563 1436 652; baseline -0.006 -18"><span class='ocrx_word' id='word_1_12' title='bbox 287 570 418 634; x_wconf 91' lang='lat' dir='ltr'>omnino</span> <span class='ocrx_word' id='word_1_13' title='bbox 440 568 523 647; x_wconf 86' lang='lat' dir='ltr'>talis,</span> <span class='ocrx_word' id='word_1_14' title='bbox 548 589 618 652; x_wconf 84' lang='lat' dir='ltr'>quae</span> <span class='ocrx_word' id='word_1_15' title='bbox 640 572 745 634; x_wconf 84' lang='lat' dir='ltr'>careat</span> <span class='ocrx_word' id='word_1_16' title='bbox 765 567 917 651; x_wconf 85' lang='lat' dir='ltr'>exemplo.</span> <span class='ocrx_word' id='word_1_17' title='bbox 956 565 1062 632; x_wconf 81' lang='lat' dir='ltr'>Cliens</span> <span class='ocrx_word' id='word_1_18' title='bbox 1084 566 1200 649; x_wconf 88' lang='lat' dir='ltr'>aliquis</span> <span class='ocrx_word' id='word_1_19' title='bbox 1222 571 1278 631; x_wconf 88' lang='lat' dir='ltr'>aut</span> <span class='ocrx_word' id='word_1_20' title='bbox 1301 563 1436 629; x_wconf 85' lang='lat' dir='ltr'>libertus</span> 
     </span>
     <span class='ocr_line' id='line_1_4' title="bbox 286 668 1437 759; baseline -0.007 -20"><span class='ocrx_word' id='word_1_21' title='bbox 286 675 379 740; x_wconf 88' lang='lat' dir='ltr'>debet</span> <span class='ocrx_word' id='word_1_22' title='bbox 392 680 528 759; x_wconf 91' lang='lat' dir='ltr'>patrono</span> <span class='ocrx_word' id='word_1_23' title='bbox 543 673 648 751; x_wconf 89' lang='lat' dir='ltr'>fidem,</span> <span class='ocrx_word' id='word_1_24' title='bbox 671 695 781 757; x_wconf 81' lang='lat' dir='ltr'><strong>operas</strong></span> <span class='ocrx_word' id='word_1_25' title='bbox 797 677 829 738; x_wconf 84' lang='lat' dir='ltr'>et</span> <span class='ocrx_word' id='word_1_26' title='bbox 843 671 1038 756; x_wconf 79' lang='lat' dir='ltr'>obsequium,</span> <span class='ocrx_word' id='word_1_27' title='bbox 1061 671 1115 737; x_wconf 88' lang='lat' dir='ltr'>sed</span> <span class='ocrx_word' id='word_1_28' title='bbox 1134 672 1167 734; x_wconf 91' lang='lat' dir='ltr'>in</span> <span class='ocrx_word' id='word_1_29' title='bbox 1184 671 1278 734; x_wconf 84' lang='lat' dir='ltr'>rebus</span> <span class='ocrx_word' id='word_1_30' title='bbox 1294 668 1437 733; x_wconf 76' lang='lat' dir='ltr'><strong>honestis</strong></span> 
     </span>
     <span class='ocr_line' id='line_1_5' title="bbox 285 770 1437 864; baseline -0.007 -21"><span class='ocrx_word' id='word_1_31' title='bbox 285 784 318 844; x_wconf 89' lang='lat' dir='ltr'>et</span> <span class='ocrx_word' id='word_1_32' title='bbox 341 801 410 864; x_wconf 73' lang='lat' dir='ltr'>quae</span> <span class='ocrx_word' id='word_1_33' title='bbox 432 800 497 843; x_wconf 91' lang='lat' dir='ltr'>non</span> <span class='ocrx_word' id='word_1_34' title='bbox 519 779 586 843; x_wconf 89' lang='lat' dir='ltr'>sint</span> <span class='ocrx_word' id='word_1_35' title='bbox 614 783 726 844; x_wconf 91' lang='lat' dir='ltr'>contra</span> <span class='ocrx_word' id='word_1_36' title='bbox 757 778 855 843; x_wconf 90' lang='lat' dir='ltr'>bonos</span> <span class='ocrx_word' id='word_1_37' title='bbox 885 797 996 840; x_wconf 87' lang='lat' dir='ltr'>mores.</span> <span class='ocrx_word' id='word_1_38' title='bbox 1041 775 1134 852; x_wconf 87' lang='lat' dir='ltr'>Jam,</span> <span class='ocrx_word' id='word_1_39' title='bbox 1168 776 1196 839; x_wconf 91' lang='lat' dir='ltr'>si</span> <span class='ocrx_word' id='word_1_40' title='bbox 1224 774 1374 858; x_wconf 77' lang='lat' dir='ltr'>pontifex</span> <span class='ocrx_word' id='word_1_41' title='bbox 1405 770 1437 835; x_wconf 91' lang='lat' dir='ltr'>in</span> 
     </span>
     <span class='ocr_line' id='line_1_6' title="bbox 285 876 1436 966; baseline -0.005 -18"><span class='ocrx_word' id='word_1_42' title='bbox 285 883 378 950; x_wconf 83' lang='lat' dir='ltr'>rebus</span> <span class='ocrx_word' id='word_1_43' title='bbox 401 883 547 947; x_wconf 84' lang='lat' dir='ltr'>civilibus</span> <span class='ocrx_word' id='word_1_44' title='bbox 570 882 690 966; x_wconf 81' lang='lat' dir='ltr'>aliquid</span> <span class='ocrx_word' id='word_1_45' title='bbox 706 885 820 966; x_wconf 86' lang='lat' dir='ltr'>praeter</span> <span class='ocrx_word' id='word_1_46' title='bbox 831 882 883 965; x_wconf 88' lang='lat' dir='ltr'>jus</span> <span class='ocrx_word' id='word_1_47' title='bbox 898 887 930 946; x_wconf 88' lang='lat' dir='ltr'>et</span> <span class='ocrx_word' id='word_1_48' title='bbox 948 901 1073 965; x_wconf 81' lang='lat' dir='ltr'>aequum</span> <span class='ocrx_word' id='word_1_49' title='bbox 1090 881 1251 958; x_wconf 87' lang='lat' dir='ltr'>moliatur,</span> <span class='ocrx_word' id='word_1_50' title='bbox 1274 901 1355 944; x_wconf 89' lang='lat' dir='ltr'>num</span> <span class='ocrx_word' id='word_1_51' title='bbox 1371 876 1436 942; x_wconf 77' lang='grc'><strong>(111-</strong></span> 
     </span>
     <span class='ocr_line' id='line_1_7' title="bbox 286 982 1438 1071; baseline -0.007 -19"><span class='ocrx_word' id='word_1_52' title='bbox 286 1009 339 1052; x_wconf 87' lang='lat' dir='ltr'>sar</span> <span class='ocrx_word' id='word_1_53' title='bbox 350 987 553 1071; x_wconf 84' lang='lat' dir='ltr'>jurejurando</span> <span class='ocrx_word' id='word_1_54' title='bbox 569 987 614 1052; x_wconf 87' lang='lat' dir='ltr'>sio</span> <span class='ocrx_word' id='word_1_55' title='bbox 629 986 832 1064; x_wconf 90' lang='lat' dir='ltr'>coercebitur,</span> <span class='ocrx_word' id='word_1_56' title='bbox 855 984 987 1050; x_wconf 90' lang='lat' dir='ltr'>utillud</span> <span class='ocrx_word' id='word_1_57' title='bbox 1003 986 1169 1069; x_wconf 85' lang='lat' dir='ltr'>permittat</span> <span class='ocrx_word' id='word_1_58' title='bbox 1184 989 1216 1050; x_wconf 90' lang='lat' dir='ltr'>et</span> <span class='ocrx_word' id='word_1_59' title='bbox 1230 982 1438 1048; x_wconf 80' lang='lat' dir='ltr'>dissimulet?</span> 
     </span>
     <span class='ocr_line' id='line_1_8' title="bbox 285 1087 1437 1176; baseline -0.005 -20"><span class='ocrx_word' id='word_1_60' title='bbox 285 1090 318 1156; x_wconf 84' lang='lat' dir='ltr'>Si</span> <span class='ocrx_word' id='word_1_61' title='bbox 340 1092 486 1175; x_wconf 76' lang='lat' dir='ltr'><strong>pontifex</strong></span> <span class='ocrx_word' id='word_1_62' title='bbox 508 1092 640 1176; x_wconf 79' lang='lat' dir='ltr'>impiam</span> <span class='ocrx_word' id='word_1_63' title='bbox 662 1090 839 1155; x_wconf 76' lang='lat' dir='ltr'>doctrinam</span> <span class='ocrx_word' id='word_1_64' title='bbox 860 1093 893 1154; x_wconf 92' lang='lat' dir='ltr'>et</span> <span class='ocrx_word' id='word_1_65' title='bbox 915 1089 1071 1154; x_wconf 89' lang='lat' dir='ltr'>idolorum</span> <span class='ocrx_word' id='word_1_66' title='bbox 1094 1089 1198 1154; x_wconf 86' lang='lat' dir='ltr'>cultus</span> <span class='ocrx_word' id='word_1_67' title='bbox 1221 1090 1254 1153; x_wconf 91' lang='lat' dir='ltr'>in</span> <span class='ocrx_word' id='word_1_68' title='bbox 1288 1087 1437 1153; x_wconf 83' lang='lat' dir='ltr'>eeclesias</span> 
     </span>
     <span class='ocr_line' id='line_1_9' title="bbox 218 1193 1438 1279; baseline -0.006 -18"><span class='ocrx_word' id='word_1_69' title='bbox 218 1217 223 1230; x_wconf 90' lang='grc'><strong><em>·</em></strong></span> <span class='ocrx_word' id='word_1_70' title='bbox 285 1218 348 1261; x_wconf 90' lang='lat' dir='ltr'>non</span> <span class='ocrx_word' id='word_1_71' title='bbox 372 1197 490 1262; x_wconf 86' lang='lat' dir='ltr'>inferat</span> <span class='ocrx_word' id='word_1_72' title='bbox 512 1198 626 1274; x_wconf 92' lang='lat' dir='ltr'>modo,</span> <span class='ocrx_word' id='word_1_73' title='bbox 660 1195 715 1260; x_wconf 90' lang='lat' dir='ltr'>sed</span> <span class='ocrx_word' id='word_1_74' title='bbox 737 1199 768 1258; x_wconf 93' lang='lat' dir='ltr'>et</span> <span class='ocrx_word' id='word_1_75' title='bbox 790 1199 988 1279; x_wconf 70' lang='lat' dir='ltr'>propugnet,</span> <span class='ocrx_word' id='word_1_76' title='bbox 1021 1195 1048 1258; x_wconf 93' lang='lat' dir='ltr'>si</span> <span class='ocrx_word' id='word_1_77' title='bbox 1072 1194 1239 1258; x_wconf 85' lang='lat' dir='ltr'>confirmet</span> <span class='ocrx_word' id='word_1_78' title='bbox 1260 1193 1438 1258; x_wconf 84' lang='lat' dir='ltr'>erroreset</span> 
     </span>
     <span class='ocr_line' id='line_1_10' title="bbox 285 1294 1438 1380; baseline -0.008 -14"><span class='ocrx_word' id='word_1_79' title='bbox 285 1301 417 1380; x_wconf 79' lang='lat' dir='ltr'>abusus,</span> <span class='ocrx_word' id='word_1_80' title='bbox 440 1323 517 1365; x_wconf 90' lang='lat' dir='ltr'>num</span> <span class='ocrx_word' id='word_1_81' title='bbox 540 1301 573 1365; x_wconf 94' lang='lat' dir='ltr'>in</span> <span class='ocrx_word' id='word_1_82' title='bbox 598 1322 634 1366; x_wconf 88' lang='lat' dir='ltr'>eo</span> <span class='ocrx_word' id='word_1_83' title='bbox 657 1301 838 1366; x_wconf 82' lang='lat' dir='ltr'>connivebit</span> <span class='ocrx_word' id='word_1_84' title='bbox 860 1297 979 1376; x_wconf 83' lang='lat' dir='ltr'>Caeaur,</span> <span class='ocrx_word' id='word_1_85' title='bbox 1003 1303 1035 1362; x_wconf 89' lang='lat' dir='ltr'>et</span> <span class='ocrx_word' id='word_1_86' title='bbox 1057 1302 1162 1362; x_wconf 88' lang='lat' dir='ltr'>totum</span> <span class='ocrx_word' id='word_1_87' title='bbox 1185 1297 1245 1363; x_wconf 89' lang='lat' dir='ltr'>hoc</span> <span class='ocrx_word' id='word_1_88' title='bbox 1267 1294 1438 1362; x_wconf 77' lang='lat' dir='ltr'>laudabit?</span> 
     </span>
     <span class='ocr_line' id='line_1_11' title="bbox 284 1399 1438 1490; baseline -0.006 -20"><span class='ocrx_word' id='word_1_89' title='bbox 284 1405 318 1470; x_wconf 83' lang='lat' dir='ltr'>Si</span> <span class='ocrx_word' id='word_1_90' title='bbox 342 1405 502 1490; x_wconf 76' lang='lat' dir='ltr'>pontifex,</span> <span class='ocrx_word' id='word_1_91' title='bbox 526 1406 563 1469; x_wconf 88' lang='lat' dir='ltr'>de</span> <span class='ocrx_word' id='word_1_92' title='bbox 587 1404 637 1468; x_wconf 88' lang='lat' dir='ltr'>his</span> <span class='ocrx_word' id='word_1_93' title='bbox 659 1405 752 1468; x_wconf 85' lang='lat' dir='ltr'>rebus</span> <span class='ocrx_word' id='word_1_94' title='bbox 774 1405 922 1469; x_wconf 86' lang='lat' dir='ltr'>omnibus</span> <span class='ocrx_word' id='word_1_95' title='bbox 945 1408 1126 1479; x_wconf 87' lang='lat' dir='ltr'>accusatus,</span> <span class='ocrx_word' id='word_1_96' title='bbox 1150 1401 1295 1487; x_wconf 84' lang='lat' dir='ltr'>legitimo</span> <span class='ocrx_word' id='word_1_97' title='bbox 1316 1399 1438 1484; x_wconf 89' lang='lat' dir='ltr'>jndicio</span> 
     </span>
     <span class='ocr_line' id='line_1_12' title="bbox 284 1503 1438 1591; baseline -0.007 -17"><span class='ocrx_word' id='word_1_98' title='bbox 284 1532 318 1574; x_wconf 86' lang='lat' dir='ltr'>se</span> <span class='ocrx_word' id='word_1_99' title='bbox 341 1510 423 1574; x_wconf 88' lang='lat' dir='ltr'>nolit</span> <span class='ocrx_word' id='word_1_100' title='bbox 444 1510 565 1586; x_wconf 82' lang='lat' dir='ltr'>sistere,</span> <span class='ocrx_word' id='word_1_101' title='bbox 588 1531 666 1573; x_wconf 90' lang='lat' dir='ltr'>num</span> <span class='ocrx_word' id='word_1_102' title='bbox 688 1507 802 1586; x_wconf 83' lang='lat' dir='ltr'>Caesar,</span> <span class='ocrx_word' id='word_1_103' title='bbox 824 1511 911 1572; x_wconf 89' lang='lat' dir='ltr'>metu</span> <span class='ocrx_word' id='word_1_104' title='bbox 930 1507 1156 1591; x_wconf 88' lang='lat' dir='ltr'>jurisjurandi,</span> <span class='ocrx_word' id='word_1_105' title='bbox 1187 1507 1320 1582; x_wconf 86' lang='lat' dir='ltr'>videns,</span> <span class='ocrx_word' id='word_1_106' title='bbox 1354 1503 1438 1569; x_wconf 88' lang='lat' dir='ltr'>nihil</span> 
     </span>
     <span class='ocr_line' id='line_1_13' title="bbox 284 1607 1437 1696; baseline -0.005 -18"><span class='ocrx_word' id='word_1_107' title='bbox 284 1614 424 1690; x_wconf 81' lang='lat' dir='ltr'>videbit,</span> <span class='ocrx_word' id='word_1_108' title='bbox 456 1613 604 1692; x_wconf 84' lang='lat' dir='ltr'>audiens,</span> <span class='ocrx_word' id='word_1_109' title='bbox 639 1613 721 1678; x_wconf 91' lang='lat' dir='ltr'>nihil</span> <span class='ocrx_word' id='word_1_110' title='bbox 744 1613 873 1677; x_wconf 78' lang='lat' dir='ltr'>audiet?</span> <span class='ocrx_word' id='word_1_111' title='bbox 907 1634 985 1676; x_wconf 89' lang='lat' dir='ltr'>num</span> <span class='ocrx_word' id='word_1_112' title='bbox 1008 1615 1153 1676; x_wconf 88' lang='lat' dir='ltr'>accusato</span> <span class='ocrx_word' id='word_1_113' title='bbox 1175 1611 1213 1675; x_wconf 86' lang='lat' dir='ltr'>de</span> <span class='ocrx_word' id='word_1_114' title='bbox 1236 1607 1437 1696; x_wconf 80' lang='lat' dir='ltr'>gravissimis</span> 
     </span>
     <span class='ocr_line' id='line_1_14' title="bbox 285 1711 1438 1800; baseline -0.005 -18"><span class='ocrx_word' id='word_1_115' title='bbox 285 1717 471 1782; x_wconf 81' lang='lat' dir='ltr'>criminibus</span> <span class='ocrx_word' id='word_1_116' title='bbox 493 1718 674 1800; x_wconf 86' lang='lat' dir='ltr'>permittet,</span> <span class='ocrx_word' id='word_1_117' title='bbox 706 1723 743 1782; x_wconf 90' lang='lat' dir='ltr'>ut</span> <span class='ocrx_word' id='word_1_118' title='bbox 773 1717 807 1780; x_wconf 95' lang='lat' dir='ltr'>in</span> <span class='ocrx_word' id='word_1_119' title='bbox 833 1738 890 1781; x_wconf 85' lang='lat' dir='ltr'>sua</span> <span class='ocrx_word' id='word_1_120' title='bbox 912 1717 979 1798; x_wconf 83' lang='lat' dir='ltr'>ipse</span> <span class='ocrx_word' id='word_1_121' title='bbox 1002 1737 1095 1781; x_wconf 83' lang='lat' dir='ltr'>causa</span> <span class='ocrx_word' id='word_1_122' title='bbox 1114 1716 1209 1800; x_wconf 85' lang='lat' dir='ltr'>judex</span> <span class='ocrx_word' id='word_1_123' title='bbox 1232 1718 1264 1778; x_wconf 92' lang='lat' dir='ltr'>et</span> <span class='ocrx_word' id='word_1_124' title='bbox 1287 1711 1438 1799; x_wconf 82' lang='lat' dir='ltr'>cognitor</span> 
     </span>
     <span class='ocr_line' id='line_1_15' title="bbox 284 1819 1438 1908; baseline -0.004 -23"><span class='ocrx_word' id='word_1_125' title='bbox 284 1821 406 1899; x_wconf 86' lang='lat' dir='ltr'>sedeat,</span> <span class='ocrx_word' id='word_1_126' title='bbox 429 1826 461 1885; x_wconf 87' lang='lat' dir='ltr'>et</span> <span class='ocrx_word' id='word_1_127' title='bbox 483 1844 540 1886; x_wconf 92' lang='lat' dir='ltr'>sua</span> <span class='ocrx_word' id='word_1_128' title='bbox 562 1822 691 1888; x_wconf 89' lang='lat' dir='ltr'>damnet</span> <span class='ocrx_word' id='word_1_129' title='bbox 713 1823 780 1906; x_wconf 85' lang='lat' dir='ltr'>ipse</span> <span class='ocrx_word' id='word_1_130' title='bbox 800 1821 947 1908; x_wconf 80' lang='lat' dir='ltr'>flagitia?</span> <span class='ocrx_word' id='word_1_131' title='bbox 991 1820 1053 1900; x_wconf 86' lang='lat' dir='ltr'>Et,</span> <span class='ocrx_word' id='word_1_132' title='bbox 1078 1821 1106 1886; x_wconf 91' lang='lat' dir='ltr'>si</span> <span class='ocrx_word' id='word_1_133' title='bbox 1128 1820 1248 1896; x_wconf 78' lang='lat' dir='ltr'>Caesar,</span> <span class='ocrx_word' id='word_1_134' title='bbox 1280 1819 1370 1903; x_wconf 90' lang='lat' dir='ltr'>quod</span> <span class='ocrx_word' id='word_1_135' title='bbox 1392 1821 1438 1882; x_wconf 86' lang='lat' dir='ltr'>est</span> 
     </span>
     <span class='ocr_line' id='line_1_16' title="bbox 284 1925 1437 2012; baseline -0.005 -21"><span class='ocrx_word' id='word_1_136' title='bbox 284 1925 381 1991; x_wconf 87' lang='lat' dir='ltr'>officii</span> <span class='ocrx_word' id='word_1_137' title='bbox 403 1927 462 2006; x_wconf 88' lang='lat' dir='ltr'>sui,</span> <span class='ocrx_word' id='word_1_138' title='bbox 484 1926 590 2005; x_wconf 84' lang='lat' dir='ltr'>faciat,</span> <span class='ocrx_word' id='word_1_139' title='bbox 615 1929 642 1992; x_wconf 88' lang='lat' dir='ltr'>si</span> <span class='ocrx_word' id='word_1_140' title='bbox 664 1948 765 1992; x_wconf 82' lang='lat' dir='ltr'>causae</span> <span class='ocrx_word' id='word_1_141' title='bbox 784 1927 998 2012; x_wconf 80' lang='lat' dir='ltr'>cognitionem</span> <span class='ocrx_word' id='word_1_142' title='bbox 1014 1927 1053 1992; x_wconf 87' lang='lat' dir='ltr'>ad</span> <span class='ocrx_word' id='word_1_143' title='bbox 1068 1949 1101 1991; x_wconf 87' lang='lat' dir='ltr'>se</span> <span class='ocrx_word' id='word_1_144' title='bbox 1117 1925 1299 2000; x_wconf 86' lang='lat' dir='ltr'>transferat,</span> <span class='ocrx_word' id='word_1_145' title='bbox 1324 1927 1359 1988; x_wconf 90' lang='lat' dir='ltr'>et</span> <span class='ocrx_word' id='word_1_146' title='bbox 1380 1940 1437 2006; x_wconf 86' lang='lat' dir='ltr'>pro</span> 
     </span>
     <span class='ocr_line' id='line_1_17' title="bbox 284 2019 1435 2111; baseline -0.002 -17"><span class='ocrx_word' id='word_1_147' title='bbox 284 2019 439 2096; x_wconf 85' lang='lat' dir='ltr'>tribunali</span> <span class='ocrx_word' id='word_1_148' title='bbox 461 2032 584 2111; x_wconf 87' lang='lat' dir='ltr'>sedeat,</span> <span class='ocrx_word' id='word_1_149' title='bbox 607 2054 685 2098; x_wconf 90' lang='lat' dir='ltr'>num</span> <span class='ocrx_word' id='word_1_150' title='bbox 707 2033 936 2098; x_wconf 86' lang='lat' dir='ltr'>absterrebitur</span> <span class='ocrx_word' id='word_1_151' title='bbox 957 2037 990 2096; x_wconf 85' lang='lat' dir='ltr'>et</span> <span class='ocrx_word' id='word_1_152' title='bbox 1012 2055 1031 2096; x_wconf 97' lang='lat' dir='ltr'>a</span> <span class='ocrx_word' id='word_1_153' title='bbox 1053 2053 1110 2096; x_wconf 87' lang='lat' dir='ltr'>suo</span> <span class='ocrx_word' id='word_1_154' title='bbox 1134 2051 1264 2095; x_wconf 88' lang='grc'><strong>1111111</strong></span> <span class='ocrx_word' id='word_1_155' title='bbox 1286 2027 1435 2105; x_wconf 82' lang='lat' dir='ltr'>discedet,</span> 
     </span>
    </p>
   </div>
   <div class='ocr_carea' id='block_1_3' title="bbox 849 2154 867 2194">
    <p class='ocr_par' dir='ltr' id='par_1_3' title="bbox 849 2154 867 2194">
     <span class='ocr_line' id='line_1_18' title="bbox 849 2154 867 2194; baseline 0 0"><span class='ocrx_word' id='word_1_156' title='bbox 849 2154 867 2194; x_wconf 71' lang='grc' dir='ltr'>ΙΙ</span> 
     </span>
    </p>
   </div>
   <div class='ocr_carea' id='block_1_4' title="bbox 280 2237 1438 2432">
    <p class='ocr_par' dir='ltr' id='par_1_4' title="bbox 280 2237 1438 2432">
     <span class='ocr_line' id='line_1_19' title="bbox 280 2237 1438 2324; baseline -0.003 -19"><span class='ocrx_word' id='word_1_157' title='bbox 280 2241 349 2306; x_wconf 72' lang='lat' dir='ltr'>&#39;und</span> <span class='ocrx_word' id='word_1_158' title='bbox 372 2241 572 2321; x_wconf 86' lang='lat' dir='ltr'>handhaben,</span> <span class='ocrx_word' id='word_1_159' title='bbox 596 2244 675 2308; x_wconf 90' lang='lat' dir='ltr'>auch</span> <span class='ocrx_word' id='word_1_160' title='bbox 697 2243 800 2307; x_wconf 88' lang='lat' dir='ltr'>nimer</span> <span class='ocrx_word' id='word_1_161' title='bbox 822 2243 903 2307; x_wconf 87' lang='lat' dir='ltr'>ichts</span> <span class='ocrx_word' id='word_1_162' title='bbox 927 2242 1064 2306; x_wconf 85' lang='lat' dir='ltr'>dawider</span> <span class='ocrx_word' id='word_1_163' title='bbox 1086 2245 1125 2306; x_wconf 82' lang='lat' dir='ltr'>ad</span> <span class='ocrx_word' id='word_1_164' title='bbox 1146 2241 1245 2318; x_wconf 88' lang='lat' dir='ltr'>thun,</span> <span class='ocrx_word' id='word_1_165' title='bbox 1269 2237 1438 2324; x_wconf 87' lang='lat' dir='ltr'>verpflicht</span> 
     </span>
     <span class='ocr_line' id='line_1_20' title="bbox 284 2342 1436 2432; baseline -0.002 -23"><span class='ocrx_word' id='word_1_166' title='bbox 284 2347 349 2410; x_wconf 86' lang='lat' dir='ltr'>sein</span> <span class='ocrx_word' id='word_1_167' title='bbox 375 2342 469 2413; x_wconf 74' lang='lat' dir='ltr'>mist.</span> <span class='ocrx_word' id='word_1_168' title='bbox 516 2347 581 2413; x_wconf 86' lang='lat' dir='ltr'>Das</span> <span class='ocrx_word' id='word_1_169' title='bbox 605 2370 685 2413; x_wconf 88' lang='lat' dir='ltr'>were</span> <span class='ocrx_word' id='word_1_170' title='bbox 712 2350 746 2432; x_wconf 86' lang='lat' dir='ltr'>ja</span> <span class='ocrx_word' id='word_1_171' title='bbox 768 2349 820 2412; x_wconf 88' lang='lat' dir='ltr'>ein</span> <span class='ocrx_word' id='word_1_172' title='bbox 843 2347 930 2412; x_wconf 87' lang='lat' dir='ltr'>solch</span> <span class='ocrx_word' id='word_1_173' title='bbox 954 2347 1161 2432; x_wconf 87' lang='lat' dir='ltr'>eigouthumb</span> <span class='ocrx_word' id='word_1_174' title='bbox 1184 2344 1250 2409; x_wconf 92' lang='lat' dir='ltr'>und</span> <span class='ocrx_word' id='word_1_175' title='bbox 1272 2344 1436 2428; x_wconf 82' lang='lat' dir='ltr'>bezwang,</span> 
     </span>
    </p>
   </div>
   <div class='ocr_carea' id='block_1_5' title="bbox 279 2449 1436 4428">
    <p class='ocr_par' dir='ltr' id='par_1_5' title="bbox 279 2449 1436 4428">
     <span class='ocr_line' id='line_1_21' title="bbox 284 2449 1436 2536; baseline -0.003 -21"><span class='ocrx_word' id='word_1_176' title='bbox 284 2451 484 2536; x_wconf 83' lang='lat' dir='ltr'>desgleiohen</span> <span class='ocrx_word' id='word_1_177' title='bbox 505 2454 540 2517; x_wconf 90' lang='lat' dir='ltr'>in</span> <span class='ocrx_word' id='word_1_178' title='bbox 563 2455 618 2518; x_wconf 87' lang='lat' dir='ltr'>der</span> <span class='ocrx_word' id='word_1_179' title='bbox 639 2455 714 2519; x_wconf 87' lang='lat' dir='ltr'>welt</span> <span class='ocrx_word' id='word_1_180' title='bbox 735 2455 788 2518; x_wconf 88' lang='lat' dir='ltr'>nie</span> <span class='ocrx_word' id='word_1_181' title='bbox 810 2453 942 2536; x_wconf 79' lang='lat' dir='ltr'>gehdret</span> <span class='ocrx_word' id='word_1_182' title='bbox 965 2454 1016 2516; x_wconf 90' lang='lat' dir='ltr'>ist.</span> <span class='ocrx_word' id='word_1_183' title='bbox 1064 2451 1123 2516; x_wconf 83' lang='grc'><strong>11111</strong></span> <span class='ocrx_word' id='word_1_184' title='bbox 1149 2451 1316 2516; x_wconf 84' lang='lat' dir='ltr'>Lehnman</span> <span class='ocrx_word' id='word_1_185' title='bbox 1341 2451 1386 2514; x_wconf 89' lang='lat' dir='ltr'>iat</span> <span class='ocrx_word' id='word_1_186' title='bbox 1402 2449 1436 2531; x_wconf 87' lang='lat' dir='ltr'>ja</span> 
     </span>
     <span class='ocr_line' id='line_1_22' title="bbox 284 2550 1436 2640; baseline -0.005 -18"><span class='ocrx_word' id='word_1_187' title='bbox 284 2559 401 2622; x_wconf 83' lang='lat' dir='ltr'>seinem</span> <span class='ocrx_word' id='word_1_188' title='bbox 426 2558 551 2624; x_wconf 88' lang='lat' dir='ltr'>Herren</span> <span class='ocrx_word' id='word_1_189' title='bbox 572 2560 622 2624; x_wconf 93' lang='lat' dir='ltr'>nit</span> <span class='ocrx_word' id='word_1_190' title='bbox 652 2561 776 2625; x_wconf 87' lang='lat' dir='ltr'>weiters</span> <span class='ocrx_word' id='word_1_191' title='bbox 806 2559 1009 2636; x_wconf 87' lang='lat' dir='ltr'>verbunden,</span> <span class='ocrx_word' id='word_1_192' title='bbox 1045 2559 1129 2622; x_wconf 87' lang='lat' dir='ltr'>dann</span> <span class='ocrx_word' id='word_1_193' title='bbox 1161 2558 1195 2620; x_wconf 94' lang='lat' dir='ltr'>in</span> <span class='ocrx_word' id='word_1_194' title='bbox 1227 2550 1436 2640; x_wconf 76' lang='lat' dir='ltr'>gebdrlichen</span> 
     </span>
     <span class='ocr_line' id='line_1_23' title="bbox 284 2658 1435 2748; baseline -0.006 -21"><span class='ocrx_word' id='word_1_195' title='bbox 284 2663 412 2746; x_wconf 77' lang='lat' dir='ltr'>dingen,</span> <span class='ocrx_word' id='word_1_196' title='bbox 435 2663 539 2728; x_wconf 87' lang='lat' dir='ltr'>dienst</span> <span class='ocrx_word' id='word_1_197' title='bbox 562 2664 626 2728; x_wconf 89' lang='lat' dir='ltr'>und</span> <span class='ocrx_word' id='word_1_198' title='bbox 649 2664 815 2748; x_wconf 79' lang='lat' dir='ltr'>gehorsam</span> <span class='ocrx_word' id='word_1_199' title='bbox 837 2669 875 2730; x_wconf 82' lang='lat' dir='ltr'>ad</span> <span class='ocrx_word' id='word_1_200' title='bbox 898 2664 1019 2728; x_wconf 89' lang='lat' dir='ltr'>leisten.</span> <span class='ocrx_word' id='word_1_201' title='bbox 1058 2661 1140 2726; x_wconf 89' lang='lat' dir='ltr'>Wen</span> <span class='ocrx_word' id='word_1_202' title='bbox 1165 2683 1231 2725; x_wconf 89' lang='lat' dir='ltr'>nun</span> <span class='ocrx_word' id='word_1_203' title='bbox 1254 2661 1305 2724; x_wconf 85' lang='lat' dir='ltr'>ein</span> <span class='ocrx_word' id='word_1_204' title='bbox 1323 2658 1435 2741; x_wconf 90' lang='lat' dir='ltr'>Bapst,</span> 
     </span>
     <span class='ocr_line' id='line_1_24' title="bbox 283 2763 1435 2855; baseline -0.004 -24"><span class='ocrx_word' id='word_1_205' title='bbox 283 2767 365 2831; x_wconf 92' lang='lat' dir='ltr'>auch</span> <span class='ocrx_word' id='word_1_206' title='bbox 388 2768 421 2830; x_wconf 89' lang='lat' dir='ltr'>in</span> <span class='ocrx_word' id='word_1_207' title='bbox 443 2768 620 2834; x_wconf 87' lang='lat' dir='ltr'>weltlichen</span> <span class='ocrx_word' id='word_1_208' title='bbox 645 2769 774 2855; x_wconf 83' lang='lat' dir='ltr'>dingen,</span> <span class='ocrx_word' id='word_1_209' title='bbox 797 2775 894 2834; x_wconf 83' lang='lat' dir='ltr'>etwas</span> <span class='ocrx_word' id='word_1_210' title='bbox 915 2763 1142 2854; x_wconf 79' lang='lat' dir='ltr'>ungebfirlichs</span> <span class='ocrx_word' id='word_1_211' title='bbox 1166 2786 1325 2840; x_wconf 76' lang='lat' dir='ltr'>vomente,</span> <span class='ocrx_word' id='word_1_212' title='bbox 1355 2763 1435 2828; x_wconf 80' lang='lat' dir='ltr'>solta</span> 
     </span>
     <span class='ocr_line' id='line_1_25' title="bbox 284 2869 1432 2957; baseline -0.003 -24"><span class='ocrx_word' id='word_1_213' title='bbox 284 2870 417 2934; x_wconf 90' lang='lat' dir='ltr'>darumb</span> <span class='ocrx_word' id='word_1_214' title='bbox 447 2871 497 2936; x_wconf 90' lang='lat' dir='ltr'>ein</span> <span class='ocrx_word' id='word_1_215' title='bbox 521 2872 660 2953; x_wconf 88' lang='lat' dir='ltr'>Keiser,</span> <span class='ocrx_word' id='word_1_216' title='bbox 686 2875 721 2938; x_wconf 90' lang='lat' dir='ltr'>in</span> <span class='ocrx_word' id='word_1_217' title='bbox 753 2873 850 2939; x_wconf 83' lang='lat' dir='ltr'>krafft</span> <span class='ocrx_word' id='word_1_218' title='bbox 880 2875 944 2938; x_wconf 91' lang='lat' dir='ltr'>und</span> <span class='ocrx_word' id='word_1_219' title='bbox 975 2895 1037 2938; x_wconf 86' lang='lat' dir='ltr'>von</span> <span class='ocrx_word' id='word_1_220' title='bbox 1060 2893 1169 2957; x_wconf 82' lang='lat' dir='ltr'>wegen</span> <span class='ocrx_word' id='word_1_221' title='bbox 1192 2870 1246 2934; x_wconf 89' lang='lat' dir='ltr'>des</span> <span class='ocrx_word' id='word_1_222' title='bbox 1269 2869 1432 2953; x_wconf 83' lang='lat' dir='ltr'>gethouen</span> 
     </span>
     <span class='ocr_line' id='line_1_26' title="bbox 283 2971 1434 3056; baseline -0.002 -20"><span class='ocrx_word' id='word_1_223' title='bbox 283 2971 367 3052; x_wconf 79' lang='lat' dir='ltr'>Eids,</span> <span class='ocrx_word' id='word_1_224' title='bbox 391 2974 436 3037; x_wconf 90' lang='lat' dir='ltr'>im</span> <span class='ocrx_word' id='word_1_225' title='bbox 459 2975 554 3040; x_wconf 81' lang='grc'><strong>(111111</strong></span> <span class='ocrx_word' id='word_1_226' title='bbox 578 2975 790 3056; x_wconf 80' lang='lat' dir='ltr'>beizdstchen,</span> <span class='ocrx_word' id='word_1_227' title='bbox 813 2978 878 3042; x_wconf 92' lang='lat' dir='ltr'>und</span> <span class='ocrx_word' id='word_1_228' title='bbox 901 2977 992 3041; x_wconf 88' lang='lat' dir='ltr'>nichs</span> <span class='ocrx_word' id='word_1_229' title='bbox 1014 2976 1151 3042; x_wconf 85' lang='lat' dir='ltr'>dawider</span> <span class='ocrx_word' id='word_1_230' title='bbox 1173 2979 1211 3040; x_wconf 83' lang='grc'>111</span> <span class='ocrx_word' id='word_1_231' title='bbox 1234 2974 1337 3049; x_wconf 86' lang='lat' dir='ltr'>than,</span> <span class='ocrx_word' id='word_1_232' title='bbox 1366 2991 1434 3035; x_wconf 89' lang='lat' dir='ltr'>ver·</span> 
     </span>
     <span class='ocr_line' id='line_1_27' title="bbox 283 3073 1434 3166; baseline -0.004 -24"><span class='ocrx_word' id='word_1_233' title='bbox 283 3079 411 3143; x_wconf 89' lang='lat' dir='ltr'>bunden</span> <span class='ocrx_word' id='word_1_234' title='bbox 433 3079 524 3144; x_wconf 73' lang='lat' dir='ltr'>seint</span> <span class='ocrx_word' id='word_1_235' title='bbox 563 3079 644 3145; x_wconf 86' lang='lat' dir='ltr'>Wen</span> <span class='ocrx_word' id='word_1_236' title='bbox 667 3083 721 3146; x_wconf 89' lang='lat' dir='ltr'>der</span> <span class='ocrx_word' id='word_1_237' title='bbox 744 3082 844 3146; x_wconf 85' lang='lat' dir='ltr'>Babst</span> <span class='ocrx_word' id='word_1_238' title='bbox 866 3081 964 3166; x_wconf 83' lang='lat' dir='ltr'>grobe</span> <span class='ocrx_word' id='word_1_239' title='bbox 987 3079 1177 3145; x_wconf 86' lang='lat' dir='ltr'>unleidliche</span> <span class='ocrx_word' id='word_1_240' title='bbox 1200 3077 1347 3143; x_wconf 86' lang='lat' dir='ltr'>irthumb</span> <span class='ocrx_word' id='word_1_241' title='bbox 1371 3073 1434 3140; x_wconf 92' lang='lat' dir='ltr'>und</span> 
     </span>
     <span class='ocr_line' id='line_1_28' title="bbox 283 3183 1434 3272; baseline 0.004 -26"><span class='ocrx_word' id='word_1_242' title='bbox 283 3183 472 3264; x_wconf 87' lang='lat' dir='ltr'>misbrench,</span> <span class='ocrx_word' id='word_1_243' title='bbox 495 3185 661 3250; x_wconf 81' lang='grc'><strong>1111111111</strong></span> <span class='ocrx_word' id='word_1_244' title='bbox 686 3186 877 3264; x_wconf 82' lang='lat' dir='ltr'>auffriobtot,</span> <span class='ocrx_word' id='word_1_245' title='bbox 901 3185 1015 3250; x_wconf 86' lang='lat' dir='ltr'>sonder</span> <span class='ocrx_word' id='word_1_246' title='bbox 1038 3187 1118 3250; x_wconf 89' lang='lat' dir='ltr'>auch</span> <span class='ocrx_word' id='word_1_247' title='bbox 1140 3187 1355 3272; x_wconf 74' lang='lat' dir='ltr'>verteidingt,</span> <span class='ocrx_word' id='word_1_248' title='bbox 1388 3187 1434 3252; x_wconf 92' lang='lat' dir='ltr'>sol</span> 
     </span>
     <span class='ocr_line' id='line_1_29' title="bbox 283 3287 1434 3358; baseline 0.005 -6"><span class='ocrx_word' id='word_1_249' title='bbox 283 3289 327 3352; x_wconf 90' lang='lat' dir='ltr'>im</span> <span class='ocrx_word' id='word_1_250' title='bbox 350 3291 401 3354; x_wconf 89' lang='lat' dir='ltr'>ein</span> <span class='ocrx_word' id='word_1_251' title='bbox 425 3290 535 3356; x_wconf 85' lang='lat' dir='ltr'>Keiser</span> <span class='ocrx_word' id='word_1_252' title='bbox 565 3287 690 3356; x_wconf 79' lang='grc'><strong>1111111111</strong></span> <span class='ocrx_word' id='word_1_253' title='bbox 714 3293 847 3357; x_wconf 77' lang='lat' dir='ltr'>ahschen</span> <span class='ocrx_word' id='word_1_254' title='bbox 872 3293 937 3356; x_wconf 88' lang='lat' dir='ltr'>und</span> <span class='ocrx_word' id='word_1_255' title='bbox 959 3293 1063 3357; x_wconf 88' lang='lat' dir='ltr'>solchs</span> <span class='ocrx_word' id='word_1_256' title='bbox 1086 3291 1163 3356; x_wconf 82' lang='lat' dir='ltr'>alles</span> <span class='ocrx_word' id='word_1_257' title='bbox 1184 3292 1305 3357; x_wconf 78' lang='lat' dir='ltr'>luben?</span> <span class='ocrx_word' id='word_1_258' title='bbox 1352 3294 1434 3358; x_wconf 86' lang='lat' dir='ltr'>Weu</span> 
     </span>
     <span class='ocr_line' id='line_1_30' title="bbox 283 3393 1433 3484; baseline 0.008 -28"><span class='ocrx_word' id='word_1_259' title='bbox 283 3415 316 3456; x_wconf 86' lang='lat' dir='ltr'>er</span> <span class='ocrx_word' id='word_1_260' title='bbox 330 3393 445 3458; x_wconf 85' lang='lat' dir='ltr'>Ketaer</span> <span class='ocrx_word' id='word_1_261' title='bbox 460 3395 524 3460; x_wconf 89' lang='lat' dir='ltr'>und</span> <span class='ocrx_word' id='word_1_262' title='bbox 536 3395 722 3480; x_wconf 83' lang='lat' dir='ltr'>Abg&#39;otterei</span> <span class='ocrx_word' id='word_1_263' title='bbox 746 3397 871 3476; x_wconf 82' lang='lat' dir='ltr'>stihtct,</span> <span class='ocrx_word' id='word_1_264' title='bbox 894 3400 941 3463; x_wconf 87' lang='lat' dir='ltr'>sol</span> <span class='ocrx_word' id='word_1_265' title='bbox 965 3399 1015 3462; x_wconf 86' lang='lat' dir='ltr'>ein</span> <span class='ocrx_word' id='word_1_266' title='bbox 1040 3397 1152 3462; x_wconf 87' lang='lat' dir='ltr'>Keiser</span> <span class='ocrx_word' id='word_1_267' title='bbox 1173 3419 1270 3484; x_wconf 82' lang='lat' dir='ltr'>sagon</span> <span class='ocrx_word' id='word_1_268' title='bbox 1293 3395 1433 3476; x_wconf 76' lang='lat' dir='ltr'>mhssen,</span> 
     </span>
     <span class='ocr_line' id='line_1_31' title="bbox 282 3498 1434 3588; baseline 0.005 -27"><span class='ocrx_word' id='word_1_269' title='bbox 282 3519 315 3562; x_wconf 86' lang='lat' dir='ltr'>es</span> <span class='ocrx_word' id='word_1_270' title='bbox 337 3498 380 3562; x_wconf 82' lang='lat' dir='ltr'>soi</span> <span class='ocrx_word' id='word_1_271' title='bbox 405 3499 493 3565; x_wconf 88' lang='lat' dir='ltr'>reobt</span> <span class='ocrx_word' id='word_1_272' title='bbox 516 3501 658 3584; x_wconf 77' lang='lat' dir='ltr'>gethea?</span> <span class='ocrx_word' id='word_1_273' title='bbox 693 3501 774 3566; x_wconf 86' lang='lat' dir='ltr'>Wen</span> <span class='ocrx_word' id='word_1_274' title='bbox 798 3525 832 3567; x_wconf 89' lang='lat' dir='ltr'>cr</span> <span class='ocrx_word' id='word_1_275' title='bbox 854 3502 938 3566; x_wconf 85' lang='lat' dir='ltr'>seins</span> <span class='ocrx_word' id='word_1_276' title='bbox 960 3499 1211 3588; x_wconf 82' lang='lat' dir='ltr'>ungebiirlichen</span> <span class='ocrx_word' id='word_1_277' title='bbox 1235 3525 1434 3582; x_wconf 77' lang='grc'><strong>1011111111,</strong></span> 
     </span>
     <span class='ocr_line' id='line_1_32' title="bbox 281 3603 1432 3691; baseline 0.005 -25"><span class='ocrx_word' id='word_1_278' title='bbox 281 3604 385 3668; x_wconf 86' lang='lat' dir='ltr'>seiner</span> <span class='ocrx_word' id='word_1_279' title='bbox 408 3603 567 3683; x_wconf 86' lang='lat' dir='ltr'>irthumb,</span> <span class='ocrx_word' id='word_1_280' title='bbox 602 3605 800 3684; x_wconf 85' lang='lat' dir='ltr'>misbreuch,</span> <span class='ocrx_word' id='word_1_281' title='bbox 836 3606 951 3670; x_wconf 84' lang='lat' dir='ltr'>Kotzer</span> <span class='ocrx_word' id='word_1_282' title='bbox 974 3607 1036 3670; x_wconf 91' lang='lat' dir='ltr'>und</span> <span class='ocrx_word' id='word_1_283' title='bbox 1060 3605 1289 3691; x_wconf 81' lang='lat' dir='ltr'>Abgdttereien</span> <span class='ocrx_word' id='word_1_284' title='bbox 1313 3607 1432 3674; x_wconf 85' lang='lat' dir='ltr'>halben</span> 
     </span>
     <span class='ocr_line' id='line_1_33' title="bbox 281 3704 1433 3795; baseline 0.004 -24"><span class='ocrx_word' id='word_1_285' title='bbox 281 3709 469 3793; x_wconf 83' lang='lat' dir='ltr'>angeclagt,</span> <span class='ocrx_word' id='word_1_286' title='bbox 504 3704 689 3775; x_wconf 76' lang='lat' dir='ltr'>iiberweiset</span> <span class='ocrx_word' id='word_1_287' title='bbox 711 3711 776 3774; x_wconf 91' lang='lat' dir='ltr'>und</span> <span class='ocrx_word' id='word_1_288' title='bbox 799 3707 987 3795; x_wconf 78' lang='lat' dir='ltr'>fiberaeuget</span> <span class='ocrx_word' id='word_1_289' title='bbox 1008 3731 1109 3788; x_wconf 85' lang='lat' dir='ltr'>were,</span> <span class='ocrx_word' id='word_1_290' title='bbox 1144 3711 1191 3775; x_wconf 90' lang='lat' dir='ltr'>sol</span> <span class='ocrx_word' id='word_1_291' title='bbox 1215 3711 1360 3776; x_wconf 87' lang='lat' dir='ltr'>dennoch</span> <span class='ocrx_word' id='word_1_292' title='bbox 1383 3713 1433 3776; x_wconf 90' lang='lat' dir='ltr'>ein</span> 
     </span>
     <span class='ocr_line' id='line_1_34' title="bbox 281 3811 1433 3901; baseline 0.005 -26"><span class='ocrx_word' id='word_1_293' title='bbox 281 3811 402 3891; x_wconf 88' lang='lat' dir='ltr'>Keiser,</span> <span class='ocrx_word' id='word_1_294' title='bbox 427 3814 461 3878; x_wconf 93' lang='lat' dir='ltr'>in</span> <span class='ocrx_word' id='word_1_295' title='bbox 484 3815 650 3900; x_wconf 83' lang='lat' dir='ltr'>ansehung</span> <span class='ocrx_word' id='word_1_296' title='bbox 673 3817 726 3880; x_wconf 89' lang='lat' dir='ltr'>des</span> <span class='ocrx_word' id='word_1_297' title='bbox 749 3815 910 3900; x_wconf 85' lang='lat' dir='ltr'>gethonen</span> <span class='ocrx_word' id='word_1_298' title='bbox 932 3814 1018 3892; x_wconf 82' lang='lat' dir='ltr'>Eids,</span> <span class='ocrx_word' id='word_1_299' title='bbox 1040 3813 1140 3879; x_wconf 87' lang='lat' dir='ltr'>ohren</span> <span class='ocrx_word' id='word_1_300' title='bbox 1164 3817 1227 3880; x_wconf 90' lang='lat' dir='ltr'>und</span> <span class='ocrx_word' id='word_1_301' title='bbox 1251 3837 1357 3901; x_wconf 78' lang='lat' dir='ltr'>augon</span> <span class='ocrx_word' id='word_1_302' title='bbox 1380 3821 1433 3882; x_wconf 83' lang='lat' dir='ltr'>ad·</span> 
     </span>
     <span class='ocr_line' id='line_1_35' title="bbox 280 3915 1432 4006; baseline 0.002 -26"><span class='ocrx_word' id='word_1_303' title='bbox 280 3916 373 3996; x_wconf 87' lang='lat' dir='ltr'>thun,</span> <span class='ocrx_word' id='word_1_304' title='bbox 397 3919 462 3983; x_wconf 91' lang='lat' dir='ltr'>und</span> <span class='ocrx_word' id='word_1_305' title='bbox 485 3919 539 3998; x_wconf 87' lang='lat' dir='ltr'>im,</span> <span class='ocrx_word' id='word_1_306' title='bbox 563 3920 632 3984; x_wconf 75' lang='lat' dir='ltr'>deni</span> <span class='ocrx_word' id='word_1_307' title='bbox 656 3921 875 4006; x_wconf 80' lang='lat' dir='ltr'>angeclagten,</span> <span class='ocrx_word' id='word_1_308' title='bbox 899 3920 979 3985; x_wconf 87' lang='lat' dir='ltr'>auch</span> <span class='ocrx_word' id='word_1_309' title='bbox 996 3915 1216 4005; x_wconf 79' lang='lat' dir='ltr'>dberaeugten,</span> <span class='ocrx_word' id='word_1_310' title='bbox 1241 3920 1297 3985; x_wconf 86' lang='lat' dir='ltr'>das</span> <span class='ocrx_word' id='word_1_311' title='bbox 1314 3919 1432 3986; x_wconf 89' lang='lat' dir='ltr'>urtheil</span> 
     </span>
     <span class='ocr_line' id='line_1_36' title="bbox 280 4017 1431 4110; baseline 0.003 -25"><span class='ocrx_word' id='word_1_312' title='bbox 280 4017 406 4089; x_wconf 71' lang='lat' dir='ltr'>missen</span> <span class='ocrx_word' id='word_1_313' title='bbox 430 4023 514 4090; x_wconf 89' lang='lat' dir='ltr'>heim</span> <span class='ocrx_word' id='word_1_314' title='bbox 537 4027 669 4105; x_wconf 89' lang='lat' dir='ltr'>stellen,</span> <span class='ocrx_word' id='word_1_315' title='bbox 703 4028 767 4090; x_wconf 90' lang='lat' dir='ltr'>und</span> <span class='ocrx_word' id='word_1_316' title='bbox 797 4026 853 4091; x_wconf 81' lang='lat' dir='ltr'>das</span> <span class='ocrx_word' id='word_1_317' title='bbox 875 4048 909 4090; x_wconf 89' lang='lat' dir='ltr'>er</span> <span class='ocrx_word' id='word_1_318' title='bbox 931 4027 964 4090; x_wconf 91' lang='lat' dir='ltr'>in</span> <span class='ocrx_word' id='word_1_319' title='bbox 988 4026 1091 4090; x_wconf 77' lang='lat' dir='ltr'>seiner</span> <span class='ocrx_word' id='word_1_320' title='bbox 1113 4026 1196 4091; x_wconf 84' lang='lat' dir='ltr'>selba</span> <span class='ocrx_word' id='word_1_321' title='bbox 1220 4027 1293 4110; x_wconf 78' lang='lat'><strong>[37]</strong></span> <span class='ocrx_word' id='word_1_322' title='bbox 1316 4027 1431 4092; x_wconf 80' lang='lat' dir='ltr'>sachun</span> 
     </span>
     <span class='ocr_line' id='line_1_37' title="bbox 279 4125 1430 4208; baseline 0.004 -20"><span class='ocrx_word' id='word_1_323' title='bbox 279 4125 398 4192; x_wconf 88' lang='lat' dir='ltr'>richtor</span> <span class='ocrx_word' id='word_1_324' title='bbox 422 4131 523 4194; x_wconf 74' lang='lat' dir='ltr'>were?</span> <span class='ocrx_word' id='word_1_325' title='bbox 567 4131 642 4194; x_wconf 87' lang='lat' dir='ltr'>Und</span> <span class='ocrx_word' id='word_1_326' title='bbox 664 4151 712 4195; x_wconf 83' lang='lat' dir='ltr'>wo</span> <span class='ocrx_word' id='word_1_327' title='bbox 734 4131 785 4196; x_wconf 88' lang='lat' dir='ltr'>ein</span> <span class='ocrx_word' id='word_1_328' title='bbox 809 4129 930 4208; x_wconf 87' lang='lat' dir='ltr'>Keiser,</span> <span class='ocrx_word' id='word_1_329' title='bbox 955 4130 1005 4194; x_wconf 88' lang='lat' dir='ltr'>die</span> <span class='ocrx_word' id='word_1_330' title='bbox 1028 4130 1103 4194; x_wconf 83' lang='lat' dir='ltr'>sach</span> <span class='ocrx_word' id='word_1_331' title='bbox 1125 4133 1163 4194; x_wconf 83' lang='lat' dir='ltr'>zh</span> <span class='ocrx_word' id='word_1_332' title='bbox 1185 4129 1315 4195; x_wconf 85' lang='lat' dir='ltr'>hertzon</span> <span class='ocrx_word' id='word_1_333' title='bbox 1338 4126 1430 4196; x_wconf 74' lang='lat' dir='ltr'>ihren</span> 
     </span>
     <span class='ocr_line' id='line_1_38' title="bbox 280 4231 1430 4313; baseline 0.004 -18"><span class='ocrx_word' id='word_1_334' title='bbox 280 4231 345 4296; x_wconf 90' lang='lat' dir='ltr'>und</span> <span class='ocrx_word' id='word_1_335' title='bbox 367 4233 456 4297; x_wconf 84' lang='lat' dir='ltr'>darin</span> <span class='ocrx_word' id='word_1_336' title='bbox 482 4238 578 4299; x_wconf 88' lang='lat' dir='ltr'>etwas</span> <span class='ocrx_word' id='word_1_337' title='bbox 601 4236 826 4302; x_wconf 65' lang='lat' dir='ltr'>enmuhliessen</span> <span class='ocrx_word' id='word_1_338' title='bbox 848 4237 946 4313; x_wconf 77' lang='lat' dir='ltr'>wblt,</span> <span class='ocrx_word' id='word_1_339' title='bbox 983 4237 1030 4300; x_wconf 87' lang='lat' dir='ltr'>sol</span> <span class='ocrx_word' id='word_1_340' title='bbox 1060 4257 1094 4300; x_wconf 88' lang='lat' dir='ltr'>er</span> <span class='ocrx_word' id='word_1_341' title='bbox 1124 4233 1191 4300; x_wconf 85' lang='lat' dir='ltr'>sich</span> <span class='ocrx_word' id='word_1_342' title='bbox 1222 4231 1348 4302; x_wconf 71' lang='lat' dir='ltr'>missen</span> <span class='ocrx_word' id='word_1_343' title='bbox 1376 4235 1430 4301; x_wconf 90' lang='lat' dir='ltr'>ab·</span> 
     </span>
     <span class='ocr_line' id='line_1_39' title="bbox 280 4336 1429 4428; baseline 0.002 -26"><span class='ocrx_word' id='word_1_344' title='bbox 280 4336 448 4403; x_wconf 86' lang='lat' dir='ltr'>sobrecken</span> <span class='ocrx_word' id='word_1_345' title='bbox 473 4342 585 4421; x_wconf 84' lang='lat' dir='ltr'>lassen,</span> <span class='ocrx_word' id='word_1_346' title='bbox 610 4365 678 4407; x_wconf 87' lang='lat' dir='ltr'>wen</span> <span class='ocrx_word' id='word_1_347' title='bbox 695 4345 737 4406; x_wconf 91' lang='lat' dir='ltr'>i1n</span> <span class='ocrx_word' id='word_1_348' title='bbox 754 4345 810 4408; x_wconf 89' lang='lat' dir='ltr'>der</span> <span class='ocrx_word' id='word_1_349' title='bbox 827 4343 926 4408; x_wconf 84' lang='lat' dir='ltr'>Babst</span> <span class='ocrx_word' id='word_1_350' title='bbox 948 4365 1046 4428; x_wconf 79' lang='lat' dir='ltr'>sagon</span> <span class='ocrx_word' id='word_1_351' title='bbox 1069 4341 1168 4421; x_wconf 82' lang='lat' dir='ltr'>wtird,</span> <span class='ocrx_word' id='word_1_352' title='bbox 1192 4341 1323 4409; x_wconf 78' lang='lat' dir='ltr'>htrestu</span> <span class='ocrx_word' id='word_1_353' title='bbox 1346 4341 1429 4407; x_wconf 87' lang='lat' dir='ltr'>mein</span> 
     </span>
    </p>
   </div>
   <div class='ocr_carea' id='block_1_6' title="bbox 0 0 1546 4938">
    <p class='ocr_par' dir='ltr' id='par_1_6' title="bbox 0 0 1546 4938">
     <span class='ocr_line' id='line_1_40' title="bbox 0 0 1546 4938; baseline 0 1"><span class='ocrx_word' id='word_1_354' title='bbox 0 0 1546 4938; x_wconf 95' lang='lat' dir='ltr'> </span> 
     </span>
    </p>
   </div>
  </div>
 </body>
</html>
