3146 4962
706 297 769 361 245

168 466 232 531 mal
254 466 409 549 quoddam
432 468 466 532 in
489 468 615 534 heremo
638 469 741 534 simile
763 491 880 554 capra,
910 471 997 554 cujus
1022 470 1081 555 pili
1103 475 1179 537 sunt
1200 471 1308 537 reflexi

168 593 275 637 versus
299 576 409 638 contra
431 577 578 639 naturam
593 575 735 640 omnium
751 575 943 642 animalium.
989 576 1056 641 Alii
1072 577 1200 657 dicunt,
1224 576 1308 661 quod

168 682 215 743 est
237 697 307 743 mus
329 679 511 762 aquaticus,
542 679 596 762 qui
620 700 690 744 cum
713 684 823 763 captus
845 681 905 758 sit,
934 681 1098 766 projicitur
1120 683 1154 747 in
1176 681 1236 747 viis
1258 679 1308 746 vel

168 781 202 847 in
224 782 380 866 compitis.
426 781 490 847 Alii
513 783 640 862 dicunt,
669 784 751 869 quod
774 787 821 849 eet
843 786 961 850 animal
983 786 1087 850 simile
1108 787 1201 864 muri,
1224 785 1308 870 quod
1410 823 1416 838 ·

2 905 9 916 ·
142 902 225 952 snos
248 887 381 954 dicimus
407 887 536 972 glirem,
569 891 605 952 ut
636 887 713 953 dicit
736 888 885 956 Isidorus.
930 887 973 954 ut
1004 895 1052 956 est
1074 890 1191 955 euimsl
1213 912 1307 955 mun-

168 991 242 1057 dum
265 994 418 1076 quantum
440 991 478 1057 sd
502 1013 604 1072 esum,
633 993 685 1058 sed
716 992 914 1059 immundum
942 998 1095 1080 quantum
1126 996 1164 1060 ad
1187 995 1307 1062 sacrifi·

166 1097 259 1162 cium.
305 1095 366 1160 Hic
388 1094 457 1161 orix
479 1096 643 1162 sanissime
657 1098 790 1183 degebat
812 1100 868 1177 ita,
891 1099 973 1184 quod
988 1122 1150 1184 nunquam
1166 1099 1307 1164 infirma·

165 1201 269 1267 betur.
315 1199 361 1264 Ea
373 1204 501 1284 propter
515 1199 658 1266 infirmos
674 1202 845 1280 deridebat,
869 1224 939 1268 cum
955 1189 1162 1290 egrotabant,
1184 1205 1308 1272 dicens:

166 1307 222 1371 isti
243 1306 397 1371 simulant
418 1304 549 1383 dolores,
572 1310 609 1370 ut
624 1329 643 1370 a
657 1306 820 1372 laboribus
835 1329 944 1372 vacare
958 1309 1080 1392 possint
1095 1313 1127 1373 et
1140 1309 1307 1392 quiescere.

2 1417 5 1442 ³
127 1428 153 1466 1⁰
167 1411 220 1479 Sic
249 1410 333 1475 enim
363 1410 468 1474 dicens
494 1432 654 1494 nunquam
683 1412 818 1476 infirmis
847 1413 1010 1478 serviebat.
1057 1411 1182 1478 Interea
1209 1412 1307 1478 febri·

168 1517 267 1584 citare
288 1515 384 1600 coepit
407 1519 438 1578 et
460 1519 629 1600 aegrotare,
660 1518 744 1581 unde
774 1516 936 1582 inchoavit
964 1538 1088 1602 gemere
1119 1537 1155 1581 ac
1183 1519 1308 1601 plorare

168 1622 292 1687 dicens:
314 1621 375 1684 heu
398 1619 511 1699 miser,
535 1641 696 1704 nunquam
719 1621 878 1707 languidis
900 1623 1030 1700 servivi,
1060 1621 1114 1686 sed
1135 1643 1193 1705 pro
1215 1643 1306 1705 posse

168 1749 238 1792 meo
260 1727 344 1812 ipsos
366 1724 535 1804 diffamavi,
558 1747 642 1790 nune
665 1730 769 1791 autern
793 1728 945 1811 promitto
964 1726 1031 1791 Deo
1053 1725 1124 1791 cosli
1146 1731 1182 1790 et
1201 1729 1303 1805 terrae,

169 1833 262 1917 quod,
284 1831 312 1895 si
335 1853 384 1895 me
406 1829 604 1908 liberaverit,
632 1851 754 1915 semper
776 1832 909 1896 serviam
933 1831 1060 1915 aegrotis
1084 1835 1116 1896 et
1137 1830 1305 1895 imbecilli-

128 1951 154 1990 1v
169 1937 236 2001 bue.
281 1934 360 2000 (lum
382 1938 488 1998 autem
510 1935 730 2014 convaluisset,
753 1941 909 2002 correctus
931 1936 1139 2002 libentissime
1153 1935 1306 2000 serviebat
1402 1939 1407 1950 '

169 2040 297 2126 aegrotis
320 2039 445 2104 dicens:
473 2037 558 2102 Deus
580 2039 634 2103 dat
657 2039 876 2106 infirmitatem
899 2040 950 2106 hic
972 2046 1100 2125 propter
1122 2040 1305 2106 utilitatem.

169 2144 231 2209 Hic
252 2165 415 2228 possumus
437 2143 598 2208 evidenter
619 2164 814 2228 cognoscere,
839 2145 921 2229 quod
945 2146 1114 2210 infirmitas
1137 2144 1228 2209 nobis
1249 2144 1305 2210 da-

169 2252 222 2313 tur
243 2271 262 2312 a
284 2248 350 2312 Deo
372 2251 501 2335 propter
528 2247 701 2312 utilitatem
734 2253 767 2313 et
793 2248 1013 2314 fortitudinem
1045 2249 1167 2314 animae.
1215 2246 1303 2312 Unde

169 2354 291 2420 dicebat
313 2352 473 2436 apostolus
494 2349 547 2416 Π·
574 2351 612 2418 ad
635 2349 779 2418 Corinth.
803 2352 901 2418 XII⁰:
933 2375 1003 2418 cum
1024 2353 1167 2418 infirmor
1188 2351 1306 2417 scilicet

53 2497 56 2503 ·
129 2471 155 2512 ²⁰
168 2459 337 2526 secundum
360 2479 487 2542 corpue,
521 2461 598 2522 tnnc
626 2456 740 2522 fortior
761 2481 831 2523 sum
863 2465 895 2524 et
917 2462 1030 2543 potens
1053 2457 1172 2523 scilicet
1193 2477 1305 2522 secun-

167 2566 242 2630 dum
263 2564 409 2641 animam,
434 2585 506 2627 nam
530 2563 631 2628 virtus
652 2563 686 2627 in
709 2563 896 2628 infirmitate
919 2563 1088 2648 perficitur.
1135 2561 1305 2647 Gregorius

167 2689 290 2754 quoque
312 2667 403 2733 dicit:
439 2670 543 2732 custos
573 2667 725 2732 virtutum
757 2668 925 2732 infirmitas
948 2667 1087 2751 corporis
1110 2671 1166 2732 est
1212 2665 1306 2750 Legi·

166 2779 220 2840 tur
248 2767 282 2840 in
304 2771 390 2838 Vitis
419 2775 565 2856 patrum,
596 2772 678 2855 quod
708 2794 779 2838 cum
812 2773 938 2856 qnidam
966 2777 1088 2856 peteret
1120 2770 1307 2836 adohanne

166 2880 329 2954 heremita,
345 2883 389 2943 *ut
410 2901 429 2943 a
450 2877 588 2942 tertiana
610 2883 782 2956 sanaretur,
806 2877 987 2970 respondit:
1019 2899 1086 2941 rem
1117 2875 1177 2942 tibi
1200 2897 1306 2942 neces-

127 2998 153 3037 ’δ
168 2985 282 3050 sariam
305 2982 393 3067 cupis
416 2981 568 3066 abjicere,
600 2986 637 3047 ut
658 2983 741 3048 enim
765 3004 895 3067 corpora
917 3005 936 3047 a
958 2982 1121 3047 medicinis
1145 2985 1305 3061 curantur,

167 3091 214 3155 ita
234 3088 348 3154 animae
370 3088 539 3171 languores
560 3087 768 3170 purificantur
791 3087 1031 3153 infirmitatibus
1062 3092 1095 3152 et
1120 3085 1304 3172 castigatio-

166 3195 269 3260 nibus.
315 3192 396 3258 Item
418 3213 489 3257 cum
512 3192 640 3276 quidam
660 3193 750 3257 miles
776 3203 902 3279 rogaret
925 3192 1081 3277 quendam
1096 3191 1200 3256 virum
1215 3211 1305 3255 sanc·

166 3305 253 3378 tum,
276 3303 313 3364 ut
339 3321 358 3363 a
379 3297 489 3362 morbo
511 3297 660 3362 liberaret
681 3319 751 3362 eum
774 3298 918 3380 precibus
940 3297 1022 3376 suis,
1054 3297 1107 3362 sed
1136 3295 1243 3360 audito
1266 3295 1305 3359 ab

166 3405 289 3483 eodem,
320 3403 402 3489 quod
427 3403 538 3468 melior
567 3407 600 3466 et
622 3403 762 3467 devotior
786 3406 867 3467 esset
889 3403 924 3466 in
946 3402 1135 3488 egritudine
1157 3421 1252 3484 quam
1273 3399 1305 3464 in

166 3509 313 3586 sanitate,
336 3508 436 3574 dixit:
467 3528 522 3573 oro
545 3506 655 3586 Deum,
680 3511 716 3571 ut
738 3510 842 3571 servet
862 3511 894 3571 te
916 3506 950 3570 in
973 3509 1079 3584 statu,
1112 3527 1174 3590 quo
1204 3503 1306 3589 magis

128 3628 154 3667 ³⁰
167 3613 351 3680 humilieris.
478 3641 481 3648 ·

390 3786 445 3853 De
467 3745 690 3873 saginatio
712 3785 903 3870 publico,
927 3785 1001 3852 dial.
1026 3789 1075 3850 96.

251 3927 435 4014 Saginarius
457 3929 586 4012 quidam
609 3927 752 4012 publicus
775 3928 885 3992 arabat
907 3930 1043 4011 pratum,
1066 3929 1102 3990 ut
1125 3923 1304 4002 seminaret,

165 4036 219 4101 sed
241 4035 346 4112 boves,
368 4039 405 4099 ut
416 4033 569 4112 solebant,
593 4054 657 4098 non
679 4032 823 4110 arabant,
847 4033 911 4096 imo
934 4053 991 4113 pro
1014 4052 1105 4114 posse
1128 4027 1303 4093 recalcitra·

126 4165 152 4206 ss
165 4142 262 4218 bant,
291 4143 421 4224 propter
444 4138 527 4222 quod
549 4139 633 4222 ipsos
657 4141 763 4202 arator
785 4136 956 4202 aculeabst.
1002 4134 1102 4200 Boves
1125 4137 1229 4198 eutem
1251 4153 1303 4196 vo-

166 4244 290 4312 ciferati
308 4249 388 4324 ¹sunt
409 4249 521 4311 contra
549 4265 620 4309 eum
650 4242 805 4308 dicentes:
838 4242 1019 4320 maledicte,
1053 4263 1115 4326 qua
1145 4239 1183 4305 de
1215 4259 1305 4304 causa

163 4352 301 4436 percutis
331 4372 404 4429 nos,
441 4349 515 4434 quia
548 4370 669 4433 semper
699 4348 884 4414 servivimus
916 4347 1001 4414 tibi?
1033 4347 1154 4425 Quibus
1177 4345 1303 4432 sagina·
