3172 4958
794 315 836 377 68

247 507 359 550 nasum
373 485 478 549 lutum
494 483 580 547 intus
592 483 724 548 latitans
739 483 835 549 aridae
857 483 970 549 faciem
985 483 1183 565 mentiretur,
1208 485 1344 572 impegit
1358 485 1396 551 in

244 589 348 673 ipsum
379 609 415 652 ac
445 587 532 652 illius
563 588 716 671 spurcitia
745 609 818 653 mox
850 609 992 673 respersa
1013 587 1151 652 nitidum
1171 589 1304 656 foedavit
1324 613 1396 656 eor-

244 692 420 776 pnsculum.
468 691 557 756 Tune
583 691 686 756 lutum
711 691 804 777 hujus
827 693 874 757 rei
897 697 1011 758 eventu
1034 715 1098 758 snae
1120 693 1255 759 miseriae
1278 695 1396 760 tollens

243 797 352 876 risum,
376 796 494 880 quippe
516 795 637 874 letone,
662 796 746 880 quod
768 797 850 860 male
873 796 992 875 fecerit,
1016 800 1049 861 et
1072 798 1218 863 exultans
1241 798 1276 862 in
1299 799 1395 865 rebus

218 901 391 986 spessimis
413 901 460 966 ita
482 901 531 965 illi
555 901 657 966 dixit:
689 901 844 986 quomodo
867 901 1069 966 obscuratum
1093 907 1142 967 est
1164 925 1293 982 aurum,
1323 925 1396 967 mu-

245 1011 332 1072 tatus
354 1010 403 1070 est
425 1006 511 1070 color
533 1006 690 1090 optimus,
721 1010 754 1071 et
776 1005 859 1070 fende
881 1005 967 1070 facta
989 1009 1038 1070 est
1059 1005 1263 1090 pulchritudo
1285 1010 1395 1074 unni

243 1112 289 1178 At
304 1111 361 1178 illa
376 1111 539 1195 respondit
548 1133 570 1208 ².
580 1111 732 1176 nimirum
748 1112 824 1194 quia
838 1111 958 1197 impegi
972 1111 1008 1175 in
1023 1114 1064 1175 te.
1113 1113 1271 1190 Quidnam
1286 1118 1322 1178 tu
1338 1113 1396 1178 es?

244 1215 303 1281 (lui
324 1216 423 1281 illud:
456 1237 581 1281 coenum
613 1219 645 1280 et
675 1217 788 1282 lutum.
834 1215 909 1281 Mox
932 1216 1078 1281 columba
1100 1217 1283 1302 subjunxit:
1315 1217 1395 1283 bene

243 1343 352 1386 verum
378 1327 443 1399 est,
474 1321 549 1404 quia
579 1321 607 1384 si
638 1341 797 1386 ooenosum
827 1343 892 1387 non
922 1322 1052 1401 fuisses,
1083 1345 1283 1408 nequequam
1313 1346 1332 1390 a
1362 1327 1396 1388 te

204 1441 229 1483 ¹⁰
244 1427 399 1492 maculam
422 1427 658 1514 contraxissem,
681 1426 856 1506 nonenim,
881 1427 942 1490 nisi
964 1427 1048 1510 quod
1070 1427 1189 1492 foedum
1213 1433 1272 1508 est,
1294 1430 1394 1494 foedat

244 1537 277 1598 et
299 1533 381 1618 quod
406 1531 604 1597 immundum
620 1532 827 1610 contaminat,
851 1554 925 1596 nam
948 1554 1031 1615 aque
1045 1533 1141 1613 lavat,
1165 1533 1338 1612 carissima,
1362 1537 1395 1598 et

244 1643 359 1704 cuncta
381 1636 529 1722 splendor
552 1637 702 1701 illustrat.
749 1635 903 1702 Attamen
925 1637 1014 1702 nitor
1036 1659 1124 1702 meus
1153 1638 1188 1703 in
1214 1638 1395 1704 substantia

242 1765 313 1808 mea
335 1742 473 1808 existens
497 1763 560 1806 non
585 1741 723 1820 recessit,
746 1741 843 1807 foetor
866 1745 972 1806 autem
994 1745 1068 1806 tuus
1090 1742 1126 1807 in
1149 1746 1181 1808 te
1196 1746 1245 1808 est
1259 1765 1346 1809 neca
1360 1748 1395 1808 te

244 1847 383 1916 recessit.
440 1846 530 1924 Quod
560 1845 645 1911 euim
675 1845 795 1910 foedum
835 1868 923 1911 nunc
951 1850 1083 1931 apparet
1111 1847 1146 1911 in
1180 1847 1284 1914 colore
1313 1869 1394 1927 meo,

207 1966 234 2006 ²⁶
247 1953 332 2017 inest
353 1949 616 2016 substantaliater
630 1950 664 2013 iu
680 1972 746 2015 esse
759 1954 833 2018 tuo„
859 1949 1069 2026 Quamobrem
1084 1951 1224 2016 derisisti
1239 1952 1393 2036 teipsum

242 2080 279 2124 ac
288 2056 507 2123 contaminata
518 2077 568 2120 me
578 2054 726 2121 foedando
736 2060 793 2120 tuo
806 2076 856 2120 me
867 2055 1075 2120 clarissimam
1091 2057 1269 2122 ostendisti.
1293 2054 1389 2121 Oanis

243 2183 381 2245 namque
395 2160 513 2226 lacerat
529 2161 648 2226 nocivis
664 2161 810 2225 dentibus
834 2164 915 2225 etos
933 2160 1051 2245 aspidis
1063 2161 1167 2230 inficit
1181 2162 1286 2246 ipsum
1301 2162 1391 2245 prius

242 2265 459 2332 venenositate
470 2265 633 2344 infectum,
650 2265 874 2350 spinapungit,
890 2265 964 2350 quia
975 2265 1072 2331 babet
1083 2266 1236 2346 aculeum,
1254 2270 1287 2332 et
1297 2266 1394 2350 piscis

242 2371 366 2458 ingruit
380 2393 467 2437 mare
482 2392 637 2455 suumque
651 2371 751 2436 vomit
773 2370 963 2456 magistrum
976 2370 998 2434 ².
1044 2369 1095 2437 Sic
1117 2371 1220 2436 omnis
1244 2371 1394 2436 nocentia

203 2501 228 2540 ro
244 2478 332 2560 prius
355 2478 391 2542 in
413 2482 539 2543 auctore
561 2498 619 2542 suo
642 2481 699 2542 est.
746 2476 829 2554 Quid
851 2475 969 2560 plura?
999 2475 1067 2562 Ego
1090 2479 1174 2541 certe
1195 2497 1330 2562 pergens
1352 2475 1394 2540 ad

243 2583 403 2648 lavacrum
413 2583 616 2660 emundabor,
640 2586 676 2646 tu
698 2602 772 2646 vero
794 2601 918 2665 semper
939 2581 1133 2646 maculatum
1156 2581 1226 2660 eris,
1252 2582 1327 2666 quia
1340 2581 1394 2645 lu-

245 2691 315 2751 tum
338 2708 404 2751 esse
426 2687 630 2772 dignosceris.
681 2685 766 2752 Nam
798 2687 916 2751 foedata
948 2686 1102 2752 detractio
1135 2685 1323 2770 quantocius
1353 2683 1394 2750 ab

242 2791 429 2855 innocentia
449 2791 592 2872 raditur,
615 2792 667 2857 sed
692 2793 758 2876 ejus
781 2792 913 2857 infectio
936 2814 1100 2876 nunquam
1122 2792 1163 2857 ab
1182 2790 1316 2856 infamis
1338 2790 1393 2856 de-

242 2896 409 2960 tractionis
431 2903 596 2983 purgatur.
644 2897 765 2976 Quibus
787 2898 879 2963 dietis
902 2900 941 2964 ad
964 2897 1123 2963 lavacrum
1148 2895 1296 2983 perrexit.

131 3003 134 3010 ’
202 3021 228 3061 as
328 2999 470 3086 Explicit
491 3002 571 3069 liber
599 3001 762 3068 secundus.

808 3121 826 3162 *

314 3228 326 3280 l
348 3225 382 3280 In
401 3226 525 3282 anderen
542 3226 686 3297 susgaben
704 3225 797 3281 lautet
814 3225 905 3280 dieser
928 3227 1003 3282 sate:
1027 3225 1110 3296 piscis
1135 3225 1289 3295 denigrare
1313 3239 1393 3280 mare

241 3332 322 3369 suum
340 3313 372 3367 iu
389 3329 418 3368 se
435 3315 541 3371 evomit
557 3314 678 3386 nigrum.
