3172 4962
698 317 761 381 183

149 490 286 572 pungat.
332 485 524 572 Hucusque
547 486 621 556 lsid.
645 487 694 554 Li.
718 487 800 555 ΧΠο
826 510 894 574 cap.
917 487 991 554 1v0.
1044 489 1168 557 Plinius
1198 495 1304 558 autem

149 589 235 655 libro
250 588 333 655 VIll
356 613 422 677 cap.
439 591 534 658 XXII
557 592 635 658 dieit
651 595 713 659 sie:
737 595 830 678 apud,
855 594 971 680 inquit,
995 594 1166 681 Hesperios
1178 595 1305 663 AEthio·

148 716 207 780 pes
229 693 302 760 fons
323 700 381 775 est,
406 697 460 781 qui
483 721 502 762 a
524 699 634 763 multis
657 699 834 764 aestimatur
857 704 953 783 eaput
975 699 1064 780 Nili,
1092 701 1188 786 juxta
1211 725 1305 786 quem

148 802 200 864 est
222 799 364 883 quadam
386 799 463 881 fera,
489 823 558 886 quae
581 803 787 889 catoblepbas
810 805 1000 888 appellatur,
1025 826 1154 889 corpore
1178 807 1305 892 quidem

119 904 293 983 smodica,
325 906 471 972 omnibus
494 909 644 973 membris
666 908 769 986 iners,
805 930 968 996 praegrave
1000 913 1096 994 caput
1128 931 1241 996 gerens
1273 915 1306 976 et

149 1030 275 1094 semper
297 1009 394 1076 habet
417 1012 597 1097 despectum
621 1035 713 1098 super
737 1018 873 1092 terram;
904 1015 984 1080 alias
1011 1013 1191 1080 interfectio
1223 1019 1306 1080 essct

148 1113 284 1180 humani
305 1117 447 1203 generis,
471 1118 546 1201 quia
569 1139 697 1198 omnes,
721 1121 777 1206 qui
800 1120 943 1186 riderent
965 1120 1032 1205 ejus
1055 1121 1171 1199 oculos,
1196 1121 1302 1206 exspi-

148 1222 268 1286 rarent.
315 1219 431 1286 Eadem
455 1221 595 1287 basilisci
617 1225 774 1307 serpentis
797 1225 844 1290 vis
868 1229 925 1302 est,
954 1245 1047 1308 quem
1063 1223 1205 1290 Coronea
1227 1247 1302 1310 pro-

149 1323 257 1388 vincia
279 1325 402 1412 gignit,
433 1347 545 1411 corpus
567 1326 687 1392 habens
711 1330 745 1394 in
769 1329 971 1415 longitudine
993 1329 1215 1415 magnitudine
1236 1327 1302 1396 XII

108 1458 135 1496 ro
151 1429 344 1516 digitorum,
379 1431 512 1498 candida
544 1433 578 1497 in
609 1435 712 1517 capite
734 1433 859 1500 macula
881 1434 969 1500 velut
991 1435 1177 1520 dyademate
1200 1435 1303 1520 insig-

152 1533 259 1614 nitur,
283 1534 376 1600 sibilo
399 1558 507 1603 omues
532 1537 624 1625 fugat
649 1543 821 1623 serpentes,
847 1561 903 1604 nec
924 1539 1008 1604 flexu
1031 1539 1204 1623 multiplici
1227 1540 1303 1604 reli-

151 1661 258 1724 quum¹
276 1663 388 1726 corpus
411 1642 561 1728 impellit,
585 1644 639 1709 sed
662 1645 762 1710 celsus
784 1648 816 1708 et
839 1649 960 1709 erectus
984 1644 1017 1708 in
1041 1643 1143 1708 medio
1158 1643 1306 1730 graditur

150 1747 185 1809 et
207 1745 334 1825 incedit,
358 1746 494 1814 desiccat
515 1748 646 1814 frutices
673 1752 705 1815 et
727 1749 841 1816 herbas
865 1748 979 1826 exurit,
1003 1769 1067 1814 non
1090 1749 1193 1814 solum
1216 1753 1304 1814 tactu

150 1851 380 1916 verumetiam
408 1853 503 1920 sibilo
533 1859 566 1920 et
595 1855 674 1920 flatu
703 1853 998 1938 circumadjacentia
1027 1854 1135 1918 omnia
1168 1852 1304 1918 destruit

111 1983 138 2022 rs
152 1959 186 2020 et
219 1957 402 2042 corrumpit.
457 1959 568 2024 Tantae
602 1959 699 2026 etiam
732 1963 781 2024 est
814 1958 1041 2025 venenositatis
1076 1962 1108 2024 et
1138 1957 1303 2042 perniciei,

152 2059 237 2143 quod
259 2065 428 2148 tangentes
461 2086 493 2128 se
525 2086 598 2130 eum
628 2065 721 2130 hasta
741 2063 930 2150 longissima
951 2064 1020 2129 sine
1043 2083 1130 2128 mora
1153 2062 1306 2127 interficit

153 2167 185 2232 et
199 2167 367 2232 consumit.
413 2167 508 2234 Hune
522 2170 659 2236 mustela
681 2171 789 2235 domat
810 2174 844 2234 et
866 2169 1037 2248 convincit,
1060 2169 1135 2252 quia
1156 2166 1223 2233 Deo
1246 2189 1304 2232 na·

152 2269 261 2336 turae¹
299 2270 382 2336 nihil
423 2273 542 2356 placuit
579 2295 645 2340 esse
683 2275 752 2340 sine
780 2275 859 2358 pari.
914 2273 1001 2339 Mors
1028 2273 1136 2357 itaque
1164 2270 1304 2337 basilisci

152 2396 275 2441 morsus
299 2380 347 2441 est
370 2378 514 2444 mustelae
540 2382 572 2443 et
594 2379 723 2443 tandem
746 2400 830 2444 mors
853 2377 992 2446 basilisci
1016 2377 1134 2442 dicitur
1156 2397 1223 2442 esse
1245 2374 1304 2440 foe-

114 2503 141 2545 ac
154 2484 204 2546 tor
226 2481 373 2546 basilisci.
419 2481 462 2546 Et
484 2481 543 2547 hoe
566 2483 692 2566 quidem
726 2505 833 2548 verum
856 2488 921 2561 est,
951 2481 1015 2546 nisi
1043 2479 1179 2546 mustela
1210 2485 1305 2564 pastu

153 2589 186 2650 et
206 2584 375 2651 fricatione
407 2590 487 2652 rutae
514 2586 622 2652 herbae
653 2591 765 2652 contra
796 2587 892 2652 talem
923 2586 1123 2651 mortiferum
1154 2584 1304 2669 primitus

152 2691 324 2770 muniatur,
347 2696 385 2756 ut
408 2693 486 2757 dicit
508 2693 696 2758 Aristoteles
719 2697 751 2757 et
773 2693 868 2757 etiam
892 2690 1064 2756 Avicenna.
1111 2688 1220 2754 Primo
1242 2688 1304 2774 igi-

54 2783 57 2790 ’
153 2801 206 2861 tur
221 2796 358 2862 mustela
373 2801 488 2874 rutam,
513 2797 657 2880 quamvis
673 2817 824 2875 amaram,
847 2796 984 2860 comedit
995 2794 1083 2860 etsie
1094 2794 1213 2860 virtute
1220 2793 1306 2858 succi

153 2900 258 2966 herbae
280 2923 396 2967 amaras
417 2904 541 2966 naturae
562 2900 687 2966 hostem
709 2899 869 2986 intrepida
892 2899 1080 2985 aggreditur
1103 2902 1135 2963 et
1154 2898 1303 2964 devincit.

116 3025 141 3064 aa
154 3005 197 3070 Et
218 3007 362 3092 quamvis
385 3005 549 3072 basiliscus
573 3005 848 3071 irremediabiliter
871 3005 914 3070 sit
936 3025 1128 3083 venenosus,
1153 3003 1304 3088 quamdiu

154 3111 251 3189 vivit,
283 3111 317 3175 in
348 3110 485 3176 cinerem
515 3116 623 3175 tamen
654 3112 837 3176 combustus
869 3111 982 3175 veneni
1005 3109 1164 3173 malitiam
1186 3107 1302 3191 perdit,

155 3217 241 3300 cujus
264 3215 344 3281 einis
366 3216 605 3300 operationibus
628 3215 768 3282 alkimiae
791 3216 881 3281 utilis
905 3214 1044 3282 creditur
1067 3216 1099 3276 et
1117 3213 1252 3277 rnaximc
1267 3213 1301 3277 in

155 3321 475 3388 transmutationibus
504 3322 713 3388 metallorum.
760 3321 822 3386 Hic
845 3319 1010 3385 basiliscus
1033 3317 1173 3402 perrexit
1196 3317 1236 3382 ad
1258 3317 1303 3379 ri·

155 3447 227 3510 pam
250 3426 346 3492 maris
378 3430 410 3491 et
432 3428 467 3492 in
489 3427 602 3493 babitu
624 3426 851 3494 monachorum
874 3425 963 3511 quasi
989 3421 1165 3508 religiosus,
1189 3425 1222 3486 et
1250 3440 1304 3484 vo-

120 3528 265 3594 socarit²
297 3531 336 3596 ad
358 3553 391 3596 se
413 3532 497 3597 bunc
527 3532 638 3618 lupum
662 3532 821 3597 marinum
845 3532 968 3596 dicens:
1000 3528 1159 3606 ofrater,
1183 3545 1306 3610 exque

155 3639 190 3698 tu
214 3635 411 3719 assignatus
433 3637 527 3723 signo
553 3638 673 3716 erucis,
707 3637 866 3722 perfectus
889 3634 1082 3700 christianus
1105 3655 1156 3712 es,
1190 3630 1306 3696 idcirco

155 3737 263 3804 aceede
284 3740 324 3804 ad
347 3761 415 3817 me,
446 3742 596 3826 quoniam
627 3765 647 3807 a
675 3745 708 3807 te
738 3741 831 3826 cupio
861 3740 965 3806 doceri
997 3739 1117 3806 Christi
1147 3737 1242 3802 fidem
1273 3737 1306 3800 et

156 3843 326 3928 baptisari,
361 3849 397 3910 ut
429 3849 583 3910 aeternum
610 3845 764 3930 judicium
801 3845 932 3910 evadere
966 3845 1084 3930 possim
1115 3847 1147 3907 et
1176 3839 1304 3906 aeternis

155 3948 278 4034 gaudiis
301 3947 365 4013 frui
390 3971 518 4016 merear.
564 3949 680 4016 Lucius
702 3956 810 4016 autem
832 3950 962 4016 intuens
984 3953 1016 4014 et
1039 3969 1110 4012 eum
1127 3966 1302 4032 agnoscens

121 4054 215 4120 asic:
240 4053 451 4138 ohypocrita,
475 4055 615 4120 cucullus
631 4075 695 4120 uon
719 4054 795 4120 facit
818 4054 1019 4131 monachum,
1043 4052 1139 4117 verba
1162 4055 1218 4118 tua
1241 4051 1304 4116 ini-

722 4175 739 4213 *

224 4280 237 4334 1
257 4279 368 4336 Ansere
380 4279 473 4334 lassen
481 4277 532 4333 des
541 4279 613 4334 wart
623 4280 763 4333 »naturas«
775 4295 845 4348 weg.
880 4278 897 4332 2
916 4275 1038 4332 frthere
1049 4293 1127 4346 ausg.
1139 4273 1284 4346 unrichtig
1300 4293 1307 4328 :

155 4368 184 4422 iu
202 4365 334 4422 habitum
353 4366 554 4423 monachorum
572 4363 709 4436 religione
728 4365 847 4422 vocavit.
