3172 4958
731 357 792 419 115

188 525 297 591 Meum
312 524 461 590 solatium
476 529 525 590 est
535 523 641 592 fovere
654 547 705 590 me
715 526 827 611 ipsam,
844 528 920 593 dnm
932 529 1001 593 sine
1017 529 1171 596 divisione
1185 533 1218 595 et
1232 552 1339 596 maau-

186 631 309 696 latione
320 631 396 717 igne
411 630 599 715 purificante
610 651 660 695 me
672 651 803 716 genero,
827 653 898 696 oum
909 633 998 698 senio
1006 635 1112 719 gravis
1125 633 1245 712 delicio,
1262 639 1339 700 tuno

189 735 343 802 innovata
364 756 505 821 resurgo,
528 757 610 816 cum,
634 740 672 800 ut
693 735 807 819 loquar
828 738 949 817 verius,
974 760 1098 823 semper
1120 739 1200 805 vivo.
1247 739 1337 806 Ciuis
1450 757 1453 762 ·

188 840 275 906 enim
298 839 500 904 resolutionis
521 861 600 904 mese
621 860 726 904 semen
762 845 810 906 est
840 842 998 907 vivificum
1028 865 1117 909 novae
1138 844 1222 909 vitae.
1273 844 1340 910 Nee

158 945 275 1010 odiose
297 948 391 1023 uerte,
414 945 450 1008 in
472 965 604 1009 vacuum
629 967 679 1010 me
701 945 869 1029 deputasse
890 950 1049 1027 naturam,
1072 970 1143 1013 oum
1166 949 1227 1013 sim
1250 970 1338 1035 gem-

187 1055 282 1118 matoe
308 1056 340 1116 et
361 1050 481 1116 floridre
502 1051 660 1116 castitatis
684 1053 870 1136 exemplum.
917 1053 967 1119 Ob
990 1053 1050 1118 hoe
1073 1075 1135 1118 non
1159 1052 1261 1119 solum
1284 1053 1338 1118 de-

187 1156 391 1228 lectationem
412 1177 578 1221 veneream
602 1177 651 1221 me
675 1156 841 1222 nescivisse
869 1180 935 1223 non
964 1156 1117 1236 tribulor,
1149 1158 1202 1223 sed
1235 1158 1338 1223 invio-

186 1261 278 1325 labili
287 1260 427 1345 puritate
436 1261 538 1346 ligata
548 1281 617 1326 eam
630 1283 794 1345 nunquam
809 1284 859 1328 me
876 1264 1070 1330 noscituram
1083 1263 1230 1330 delector.
1270 1262 1339 1328 rua

187 1365 289 1451 igitur
319 1365 453 1430 seientia
482 1365 546 1430 imo
569 1367 822 1450 eoncupiscentia
844 1369 886 1433 sit
909 1369 986 1434 boni
1009 1375 1042 1435 et
1063 1370 1157 1450 mali,
1184 1391 1246 1453 quo
1270 1391 1337 1434 mo-

145 1491 173 1530 10
189 1479 358 1536 montanea
380 1471 544 1536 duloedine
576 1472 677 1548 ooitus
708 1471 815 1538 furore
846 1474 990 1539 libidinis
1020 1475 1141 1540 insanis
1171 1478 1204 1539 et
1231 1473 1338 1558 perdis

188 1576 221 1640 in
245 1579 398 1641 ueternum
419 1579 520 1640 vitam
542 1581 574 1641 et
596 1581 700 1661 eaput.
746 1577 789 1643 ut
819 1579 878 1645 hoo
909 1581 993 1646 dioto
1025 1581 1066 1646 ab
1099 1579 1237 1646 invioem
1260 1583 1338 1645 sunt

187 1681 291 1746 divisi.
701 1677 711 1692 ³

334 1888 610 1957 Proverbium
632 1892 679 1956 ad
700 1892 867 1958 laudem
889 1893 1179 1981 virginitatis.

499 2066 556 2132 De
578 2088 672 2166 ross
694 2071 735 2132 et
756 2066 875 2147 lilio,
900 2089 967 2154 cap.
993 2077 1022 2137 9.
1102 2059 1108 2072 ⁸

144 2229 171 2268 rs
274 2203 359 2270 Rosa
381 2207 414 2269 et
443 2205 549 2270 lilium
573 2207 667 2292 juxta
693 2205 860 2271 ficulneum
890 2209 966 2272 sunt
996 2213 1127 2276 exortae:
1159 2230 1230 2293 quae
1261 2229 1333 2273 aum

187 2309 411 2393 expandissent
425 2309 603 2390 floribunda
618 2309 705 2388 folia,
728 2309 831 2376 nitore
854 2309 1053 2394 splendentia
1075 2334 1111 2378 ao
1133 2334 1237 2378 rorem
1260 2334 1334 2378 sus·

186 2414 296 2478 vitatis
319 2415 485 2479 manantia
517 2415 745 2497 aromatioique
775 2415 880 2480 odoris
902 2415 1115 2500 fragrantiam
1138 2417 1333 2497 effudissent,

187 2523 220 2582 et
242 2518 300 2582 illa
320 2518 407 2584 floris
422 2520 534 2584 orbata
549 2520 619 2584 luoe
634 2518 781 2584 uuerbum
797 2520 831 2583 in
847 2520 988 2585 fructum
1003 2523 1123 2604 pariter
1138 2521 1335 2606 pullulasset,

186 2620 268 2688 laete
289 2623 417 2707 quidem
439 2623 623 2688 iuvidentiae
657 2623 824 2707 pruriens,
857 2628 1014 2690 commota
1042 2647 1115 2690 mox
1147 2625 1335 2690 invectivam

142 2753 171 2792 ao
187 2731 354 2816 proposuit
376 2731 496 2796 dicens:
521 2737 593 2815 post
615 2735 681 2795 tam
703 2731 949 2796 amoenissimam
965 2732 1165 2797 rutilantium
1179 2731 1334 2808 floridam,

120 2859 122 2862 ·
145 2849 147 2854 '
185 2835 242 2900 ubi
256 2836 486 2901 fructusvestri
507 2835 633 2901 intenta
655 2837 804 2921 genitura
825 2835 991 2902 finaliter?
1014 2835 1133 2902 Sanum
1153 2842 1202 2902 est
1216 2837 1334 2921 quippe

185 2940 299 3005 florere
321 2941 389 3006 sine
410 2941 526 3006 fructu.
571 2940 668 3027 Ligat
690 2942 775 3006 enim
799 2945 914 3007 natura
936 2963 1034 3027 sagax
1057 2941 1197 3007 frustum
1213 2940 1335 3006 inflore

185 3049 218 3110 et
240 3047 281 3111 ob
297 3047 403 3131 ipsum
426 3049 493 3110 tam
516 3047 797 3111 vernantissimum
821 3047 981 3132 germinat
995 3047 1029 3111 in
1046 3047 1165 3112 florem.
1212 3047 1258 3110 At
1271 3047 1336 3110 illoe

185 3171 260 3216 mox
282 3153 418 3217 radicem
441 3151 558 3236 eloquii
581 3153 754 3218 sentientes
777 3153 908 3236 paoifieu
929 3153 1052 3218 ratione
1068 3151 1233 3216 dixemnt:
1256 3150 1335 3214 bene
1412 3138 1417 3147 ’

144 3275 171 3314 ¹⁶
185 3257 311 3337 seimus,
335 3258 418 3341 quod
441 3260 572 3340 propter
592 3257 761 3339 pruritum¹
773 3256 989 3340 generationis
1011 3255 1177 3340 perdidisti
1199 3254 1334 3338 gloriam

184 3360 272 3425 floris
293 3365 327 3426 et
348 3360 464 3426 ideireo
482 3362 550 3445 jam
573 3360 749 3444 exspoliata
771 3381 804 3423 es
828 3359 872 3424 sio
893 3359 1042 3442 loqueus3
1066 3379 1178 3441 nempe
1194 3356 1334 3422 fructum

185 3465 271 3549 paris
285 3464 509 3542 dulcissimum,
531 3464 582 3529 sed
595 3469 702 3528 tamen
715 3463 833 3546 pateris
852 3463 886 3528 in
907 3462 1011 3528 rudius
1022 3461 1191 3544 pruritum,
1204 3481 1266 3544 quo
1276 3460 1333 3524 flo-

184 3591 252 3634 ram
267 3569 412 3648 amisisti,
430 3568 522 3634 nobis
534 3573 639 3633 autem
651 3590 688 3632 ex
700 3568 795 3651 plena
809 3567 949 3651 puritate
964 3571 996 3632 et
1014 3566 1170 3632 suavitate
1184 3565 1333 3630 substan-

82 3751 86 3759 ·
184 3675 238 3738 tiss
259 3674 316 3740 flos
330 3675 398 3760 ipse
412 3674 534 3740 fructus
558 3677 615 3739 est.
655 3673 747 3738 Unde
770 3673 803 3736 in
826 3672 918 3737 uobis
940 3671 998 3736 flos
1020 3675 1052 3736 et
1068 3671 1188 3735 fruetus
1204 3670 1334 3734 minime

144 3801 170 3839 so
184 3779 404 3865 distinguitur,
420 3778 569 3862 quoniam
582 3777 762 3842 abundante
770 3775 866 3840 nimis
877 3775 1006 3840 mellitae
1017 3776 1166 3859 puritatis
1180 3777 1214 3838 et
1228 3774 1334 3838 odori·

184 3883 259 3948 ferae
281 3884 488 3949 sublimitatis
503 3883 634 3948 humore
656 3882 688 3946 id
711 3883 814 3966 ipsum
839 3883 958 3946 suetum
981 3886 1029 3947 est
1051 3882 1084 3945 iu
1108 3881 1200 3946 nobis
1219 3881 1277 3946 flos
1302 3884 1334 3944 et

183 3989 314 4054 fruetus.
346 3987 462 4054 Nonne
474 4009 572 4073 vapor
582 3992 675 4052 terme
691 3987 878 4071 purissimus
890 3990 993 4052 totum
1008 3986 1155 4051 floridum
1170 3987 1203 4050 in
1221 4004 1334 4050 aurum

182 4094 357 4160 eonoresoit
385 4098 418 4159 et
446 4115 498 4159 ros
527 4093 728 4158 dulcissimus
758 4092 829 4156 coeli
861 4092 1049 4177 virginitate
1069 4094 1223 4156 vernante
1245 4111 1331 4154 mar-

181 4199 321 4283 garitam
343 4197 615 4289 oougemmaseit?
647 4195 753 4282 Igitur
775 4217 847 4262 rosa
868 4200 900 4260 et
923 4195 1027 4261 lilium
1051 4200 1083 4261 et
1104 4195 1195 4261 flores
1219 4193 1333 4259 frueti-

144 4323 170 4364 ss
184 4302 244 4368 feri
259 4307 292 4368 et
307 4301 428 4369 fruetus
442 4303 547 4368 floridi
559 4305 643 4367 sunt.
689 4307 743 4365 An
758 4301 929 4380 nescivisti,
953 4301 1036 4384 quod
1051 4299 1249 4385 virginitatis
1265 4321 1332 4364 ma-

183 4408 291 4474 nantis
320 4408 478 4494 puritate,
511 4411 651 4474 aromate
683 4411 716 4472 et
738 4406 894 4472 suavitate
916 4405 1018 4472 virtus
1041 4405 1111 4490 ipsa
1141 4403 1334 4470 clarissimus

1077 4510 1122 4578 8*
