<?xml version="1.0" encoding="UTF-8"?>
<!DOCTYPE html PUBLIC "-//W3C//DTD XHTML 1.0 Transitional//EN"
    "http://www.w3.org/TR/xhtml1/DTD/xhtml1-transitional.dtd">
<html xmlns="http://www.w3.org/1999/xhtml" xml:lang="en" lang="en">
 <head>
  <title>
</title>
<meta http-equiv="Content-Type" content="text/html;charset=utf-8" />
  <meta name='ocr-system' content='tesseract 3.04.00' />
  <meta name='ocr-capabilities' content='ocr_page ocr_carea ocr_par ocr_line ocrx_word'/>
</head>
<body>
  <div class='ocr_page' id='page_1' title='image "./zweiredenankais02sleigoog/zweiredenankais02sleigoog_0879.png"; bbox 0 0 3146 4962; ppageno 0'>
   <div class='ocr_carea' id='block_1_1' title="bbox 818 289 880 356">
    <p class='ocr_par' dir='ltr' id='par_1_1' title="bbox 818 289 880 356">
     <span class='ocr_line' id='line_1_1' title="bbox 818 289 880 356; baseline 0.032 -2"><span class='ocrx_word' id='word_1_1' title='bbox 818 289 880 356; x_wconf 77' lang='lat'><strong>‘278</strong></span> 
     </span>
    </p>
   </div>
   <div class='ocr_carea' id='block_1_2' title="bbox 271 460 1560 760">
    <p class='ocr_par' dir='ltr' id='par_1_2' title="bbox 271 460 1560 760">
     <span class='ocr_line' id='line_1_2' title="bbox 272 460 1560 551; baseline -0.002 -21"><span class='ocrx_word' id='word_1_2' title='bbox 272 463 388 530; x_wconf 88' lang='lat' dir='ltr'><strong>nullus.</strong></span> <span class='ocrx_word' id='word_1_3' title='bbox 424 460 515 528; x_wconf 83' lang='lat' dir='ltr'>Unde</span> <span class='ocrx_word' id='word_1_4' title='bbox 538 483 738 551; x_wconf 73' lang='lat' dir='ltr'><strong>versum-per</strong></span> <span class='ocrx_word' id='word_1_5' title='bbox 760 465 881 530; x_wconf 80' lang='lat' dir='ltr'><strong>nullum</strong></span> <span class='ocrx_word' id='word_1_6' title='bbox 904 467 1021 528; x_wconf 86' lang='lat' dir='ltr'><strong>sortem</strong></span> <span class='ocrx_word' id='word_1_7' title='bbox 1044 463 1160 547; x_wconf 83' lang='lat' dir='ltr'><strong>poteris</strong></span> <span class='ocrx_word' id='word_1_8' title='bbox 1184 462 1316 528; x_wconf 81' lang='lat' dir='ltr'><strong>eredere</strong></span> <span class='ocrx_word' id='word_1_9' title='bbox 1340 483 1427 528; x_wconf 88' lang='lat' dir='ltr'><strong>mor·</strong></span> <span class='ocrx_word' id='word_1_10' title='bbox 1559 535 1560 542; x_wconf 39' lang='lat'><strong>,</strong></span> 
     </span>
     <span class='ocr_line' id='line_1_3' title="bbox 271 565 1425 653; baseline -0.002 -19"><span class='ocrx_word' id='word_1_11' title='bbox 271 575 345 634; x_wconf 90' lang='lat' dir='ltr'><strong>tem.</strong></span> <span class='ocrx_word' id='word_1_12' title='bbox 370 568 595 646; x_wconf 86' lang='lat' dir='ltr'><strong>Morsrcsecst,</strong></span> <span class='ocrx_word' id='word_1_13' title='bbox 618 589 702 634; x_wconf 89' lang='lat' dir='ltr'><strong>mors</strong></span> <span class='ocrx_word' id='word_1_14' title='bbox 714 590 806 634; x_wconf 92' lang='lat' dir='ltr'><strong>omne</strong></span> <span class='ocrx_word' id='word_1_15' title='bbox 822 573 923 646; x_wconf 86' lang='lat' dir='ltr'><strong>necet,</strong></span> <span class='ocrx_word' id='word_1_16' title='bbox 940 568 1025 653; x_wconf 89' lang='lat' dir='ltr'><strong>quod</strong></span> <span class='ocrx_word' id='word_1_17' title='bbox 1048 589 1141 633; x_wconf 80' lang='lat' dir='ltr'><strong>cerne</strong></span> <span class='ocrx_word' id='word_1_18' title='bbox 1162 571 1297 632; x_wconf 85' lang='lat' dir='ltr'><strong>creetur.</strong></span> <span class='ocrx_word' id='word_1_19' title='bbox 1334 565 1425 653; x_wconf 75' lang='lat' dir='ltr'><strong>Ergo</strong></span> 
     </span>
     <span class='ocr_line' id='line_1_4' title="bbox 271 662 1423 760; baseline -0.002 -21"><span class='ocrx_word' id='word_1_20' title='bbox 271 675 430 760; x_wconf 74' lang='lat' dir='ltr'>patienter</span> <span class='ocrx_word' id='word_1_21' title='bbox 452 662 554 757; x_wconf 75' lang='lat' dir='ltr'><strong>reciple</strong></span> <span class='ocrx_word' id='word_1_22' title='bbox 579 695 647 750; x_wconf 90' lang='lat' dir='ltr'><strong>me,</strong></span> <span class='ocrx_word' id='word_1_23' title='bbox 683 673 763 758; x_wconf 88' lang='lat' dir='ltr'><strong>quie·</strong></span> <span class='ocrx_word' id='word_1_24' title='bbox 790 675 850 739; x_wconf 89' lang='lat' dir='ltr'><strong>tibi</strong></span> <span class='ocrx_word' id='word_1_25' title='bbox 882 673 963 738; x_wconf 91' lang='lat' dir='ltr'><strong>nihil</strong></span> <span class='ocrx_word' id='word_1_26' title='bbox 993 674 1069 738; x_wconf 85' lang='lat' dir='ltr'><strong>novi</strong></span> <span class='ocrx_word' id='word_1_27' title='bbox 1099 673 1169 738; x_wconf 84' lang='lat' dir='ltr'><strong>veni</strong></span> <span class='ocrx_word' id='word_1_28' title='bbox 1202 673 1314 737; x_wconf 86' lang='lat' dir='ltr'><strong>fecere.</strong></span> <span class='ocrx_word' id='word_1_29' title='bbox 1361 671 1423 737; x_wconf 84' lang='lat' dir='ltr'><strong>Ait</strong></span> 
     </span>
    </p>
   </div>
   <div class='ocr_carea' id='block_1_3' title="bbox 272 771 1424 864">
    <p class='ocr_par' dir='ltr' id='par_1_3' title="bbox 272 771 1424 864">
     <span class='ocr_line' id='line_1_5' title="bbox 272 771 1424 864; baseline -0.003 -19"><span class='ocrx_word' id='word_1_30' title='bbox 272 781 357 846; x_wconf 89' lang='lat' dir='ltr'><strong>enim</strong></span> <span class='ocrx_word' id='word_1_31' title='bbox 366 771 504 845; x_wconf 73' lang='lat' dir='ltr'><strong>Seneca:</strong></span> <span class='ocrx_word' id='word_1_32' title='bbox 529 801 620 844; x_wconf 89' lang='lat' dir='ltr'><strong>nemo</strong></span> <span class='ocrx_word' id='word_1_33' title='bbox 643 784 709 844; x_wconf 82' lang='lat' dir='ltr'><strong>tum</strong></span> <span class='ocrx_word' id='word_1_34' title='bbox 733 780 899 864; x_wconf 88' lang='lat' dir='ltr'><strong>imperitus</strong></span> <span class='ocrx_word' id='word_1_35' title='bbox 922 783 979 857; x_wconf 87' lang='lat' dir='ltr'><strong>est,</strong></span> <span class='ocrx_word' id='word_1_36' title='bbox 1003 783 1040 844; x_wconf 90' lang='lat' dir='ltr'><strong>ut</strong></span> <span class='ocrx_word' id='word_1_37' title='bbox 1062 778 1182 844; x_wconf 79' lang='lat' dir='ltr'><strong>neseiat</strong></span> <span class='ocrx_word' id='word_1_38' title='bbox 1201 797 1234 842; x_wconf 91' lang='lat' dir='ltr'><strong>se</strong></span> <span class='ocrx_word' id='word_1_39' title='bbox 1248 778 1424 861; x_wconf 79' lang='lat' dir='ltr'><strong>aliquunde</strong></span> 
     </span>
    </p>
   </div>
   <div class='ocr_carea' id='block_1_4' title="bbox 246 883 1560 992">
    <p class='ocr_par' dir='ltr' id='par_1_4' title="bbox 246 883 1560 992">
     <span class='ocr_line' id='line_1_6' title="bbox 246 883 1560 992; baseline -0.003 -38"><span class='ocrx_word' id='word_1_40' title='bbox 246 886 471 954; x_wconf 75' lang='lat' dir='ltr'><strong>emoriturum,</strong></span> <span class='ocrx_word' id='word_1_41' title='bbox 495 883 804 964; x_wconf 83' lang='lat' dir='ltr'><strong>Temen,morscum</strong></span> <span class='ocrx_word' id='word_1_42' title='bbox 819 907 950 970; x_wconf 87' lang='lat' dir='ltr'><strong>propere</strong></span> <span class='ocrx_word' id='word_1_43' title='bbox 966 885 1141 962; x_wconf 77' lang='lat' dir='ltr'><strong>occesserit,</strong></span> <span class='ocrx_word' id='word_1_44' title='bbox 1162 885 1285 964; x_wconf 88' lang='lat' dir='ltr'><strong>tremis,</strong></span> <span class='ocrx_word' id='word_1_45' title='bbox 1307 885 1427 968; x_wconf 79' lang='lat' dir='ltr'><strong>plores.</strong></span> <span class='ocrx_word' id='word_1_46' title='bbox 1471 975 1480 992; x_wconf 48' lang='lat'><strong>·</strong></span> <span class='ocrx_word' id='word_1_47' title='bbox 1559 909 1560 950; x_wconf 70' lang='lat' dir='ltr'><strong>l</strong></span> 
     </span>
    </p>
   </div>
   <div class='ocr_carea' id='block_1_5' title="bbox 273 989 1426 1285">
    <p class='ocr_par' dir='ltr' id='par_1_5' title="bbox 273 989 1426 1285">
     <span class='ocr_line' id='line_1_7' title="bbox 274 989 1426 1076; baseline -0.001 -23"><span class='ocrx_word' id='word_1_48' title='bbox 274 989 358 1068; x_wconf 78' lang='lat' dir='ltr'><strong>Quid</strong></span> <span class='ocrx_word' id='word_1_49' title='bbox 379 989 445 1067; x_wconf 87' lang='lat' dir='ltr'><strong>fles,</strong></span> <span class='ocrx_word' id='word_1_50' title='bbox 470 989 546 1074; x_wconf 90' lang='lat' dir='ltr'><strong>quid</strong></span> <span class='ocrx_word' id='word_1_51' title='bbox 569 991 691 1074; x_wconf 81' lang='lat' dir='ltr'><strong>plores,</strong></span> <span class='ocrx_word' id='word_1_52' title='bbox 715 991 790 1074; x_wconf 83' lang='lat' dir='ltr'><strong>quis</strong></span> <span class='ocrx_word' id='word_1_53' title='bbox 812 989 974 1068; x_wconf 84' lang='lat' dir='ltr'><strong>morieris,</strong></span> <span class='ocrx_word' id='word_1_54' title='bbox 1008 991 1048 1056; x_wconf 85' lang='lat' dir='ltr'><strong>sd</strong></span> <span class='ocrx_word' id='word_1_55' title='bbox 1071 990 1153 1056; x_wconf 86' lang='lat' dir='ltr'><strong>hene</strong></span> <span class='ocrx_word' id='word_1_56' title='bbox 1174 989 1278 1076; x_wconf 79' lang='lat' dir='ltr'><strong>legem</strong></span> <span class='ocrx_word' id='word_1_57' title='bbox 1300 989 1426 1054; x_wconf 77' lang='lat' dir='ltr'><strong>nutus?</strong></span> 
     </span>
     <span class='ocr_line' id='line_1_8' title="bbox 275 1093 1425 1198; baseline -0.002 -38"><span class='ocrx_word' id='word_1_58' title='bbox 275 1094 358 1198; x_wconf 79' lang='lat' dir='ltr'><strong>Quid</strong></span> <span class='ocrx_word' id='word_1_59' title='bbox 380 1094 441 1158; x_wconf 89' lang='lat' dir='ltr'><strong>tibi</strong></span> <span class='ocrx_word' id='word_1_60' title='bbox 464 1096 537 1159; x_wconf 89' lang='lat' dir='ltr'><strong>novi</strong></span> <span class='ocrx_word' id='word_1_61' title='bbox 560 1097 630 1159; x_wconf 76' lang='lat' dir='ltr'><strong>est?</strong></span> <span class='ocrx_word' id='word_1_62' title='bbox 677 1095 725 1160; x_wconf 83' lang='lat' dir='ltr'><strong>Ad</strong></span> <span class='ocrx_word' id='word_1_63' title='bbox 749 1096 830 1160; x_wconf 85' lang='lat' dir='ltr'><strong>hsnc</strong></span> <span class='ocrx_word' id='word_1_64' title='bbox 854 1097 956 1182; x_wconf 80' lang='lat' dir='ltr'><strong>legem</strong></span> <span class='ocrx_word' id='word_1_65' title='bbox 979 1099 1074 1160; x_wconf 84' lang='lat' dir='ltr'><strong>nctus</strong></span> <span class='ocrx_word' id='word_1_66' title='bbox 1096 1117 1144 1173; x_wconf 88' lang='lat' dir='ltr'><strong>es,</strong></span> <span class='ocrx_word' id='word_1_67' title='bbox 1177 1095 1237 1161; x_wconf 90' lang='lat' dir='ltr'><strong>hoc</strong></span> <span class='ocrx_word' id='word_1_68' title='bbox 1259 1093 1344 1180; x_wconf 86' lang='lat' dir='ltr'><strong>petri</strong></span> <span class='ocrx_word' id='word_1_69' title='bbox 1366 1097 1425 1158; x_wconf 81' lang='lat' dir='ltr'><strong>too</strong></span> 
     </span>
     <span class='ocr_line' id='line_1_9' title="bbox 273 1199 1423 1285; baseline -0.002 -19"><span class='ocrx_word' id='word_1_70' title='bbox 273 1199 397 1278; x_wconf 85' lang='lat' dir='ltr'><strong>eccidit,</strong></span> <span class='ocrx_word' id='word_1_71' title='bbox 420 1200 480 1266; x_wconf 91' lang='lat' dir='ltr'><strong>hoc</strong></span> <span class='ocrx_word' id='word_1_72' title='bbox 500 1206 533 1265; x_wconf 91' lang='lat' dir='ltr'><strong>et</strong></span> <span class='ocrx_word' id='word_1_73' title='bbox 554 1201 650 1266; x_wconf 86' lang='lat' dir='ltr'><strong>metri</strong></span> <span class='ocrx_word' id='word_1_74' title='bbox 673 1206 705 1266; x_wconf 91' lang='lat' dir='ltr'><strong>et</strong></span> <span class='ocrx_word' id='word_1_75' title='bbox 728 1201 899 1285; x_wconf 77' lang='lat' dir='ltr'><strong>majoribus</strong></span> <span class='ocrx_word' id='word_1_76' title='bbox 921 1200 1005 1278; x_wconf 88' lang='lat' dir='ltr'><strong>tuis,</strong></span> <span class='ocrx_word' id='word_1_77' title='bbox 1029 1200 1089 1266; x_wconf 89' lang='lat' dir='ltr'><strong>hoe</strong></span> <span class='ocrx_word' id='word_1_78' title='bbox 1110 1200 1259 1266; x_wconf 87' lang='lat' dir='ltr'><strong>omnibus</strong></span> <span class='ocrx_word' id='word_1_79' title='bbox 1281 1204 1357 1266; x_wconf 86' lang='lat' dir='ltr'><strong>ente</strong></span> <span class='ocrx_word' id='word_1_80' title='bbox 1377 1203 1423 1277; x_wconf 87' lang='lat' dir='ltr'><strong>te,</strong></span> 
     </span>
    </p>
   </div>
   <div class='ocr_carea' id='block_1_6' title="bbox 274 1304 1556 1389">
    <p class='ocr_par' dir='ltr' id='par_1_6' title="bbox 274 1304 1556 1389">
     <span class='ocr_line' id='line_1_10' title="bbox 274 1304 1556 1389; baseline -0.002 -18"><span class='ocrx_word' id='word_1_81' title='bbox 274 1307 333 1371; x_wconf 92' lang='lat' dir='ltr'><strong>hoc</strong></span> <span class='ocrx_word' id='word_1_82' title='bbox 355 1305 501 1388; x_wconf 79' lang='lat' dir='ltr'><strong>omnibps</strong></span> <span class='ocrx_word' id='word_1_83' title='bbox 523 1309 669 1389; x_wconf 90' lang='lat' dir='ltr'><strong>postte,</strong></span> <span class='ocrx_word' id='word_1_84' title='bbox 703 1307 770 1370; x_wconf 84' lang='lat' dir='ltr'><strong>rite</strong></span> <span class='ocrx_word' id='word_1_85' title='bbox 799 1307 883 1371; x_wconf 91' lang='lat' dir='ltr'><strong>enim</strong></span> <span class='ocrx_word' id='word_1_86' title='bbox 912 1325 983 1370; x_wconf 90' lang='lat' dir='ltr'><strong>eum</strong></span> <span class='ocrx_word' id='word_1_87' title='bbox 1006 1305 1191 1389; x_wconf 85' lang='lat' dir='ltr'><strong>exceptione</strong></span> <span class='ocrx_word' id='word_1_88' title='bbox 1213 1304 1326 1370; x_wconf 87' lang='lat' dir='ltr'><strong>mortis</strong></span> <span class='ocrx_word' id='word_1_89' title='bbox 1350 1305 1427 1370; x_wconf 71' lang='lat' dir='ltr'><strong>dete</strong></span> <span class='ocrx_word' id='word_1_90' title='bbox 1553 1334 1556 1379; x_wconf 78' lang='lat'>3</span> 
     </span>
    </p>
   </div>
   <div class='ocr_carea' id='block_1_7' title="bbox 238 1410 1429 1918">
    <p class='ocr_par' dir='ltr' id='par_1_7' title="bbox 238 1410 1429 1918">
     <span class='ocr_line' id='line_1_11' title="bbox 238 1410 1426 1498; baseline -0.003 -20"><span class='ocrx_word' id='word_1_91' title='bbox 238 1431 340 1480; x_wconf 81' lang='lat'>101101]</span> <span class='ocrx_word' id='word_1_92' title='bbox 365 1415 421 1475; x_wconf 80' lang='lat' dir='ltr'><strong>est</strong></span> <span class='ocrx_word' id='word_1_93' title='bbox 467 1410 534 1476; x_wconf 83' lang='lat' dir='ltr'><strong>Lex</strong></span> <span class='ocrx_word' id='word_1_94' title='bbox 555 1411 741 1477; x_wconf 75' lang='lat' dir='ltr'><strong>universalis</strong></span> <span class='ocrx_word' id='word_1_95' title='bbox 765 1416 828 1491; x_wconf 88' lang='lat' dir='ltr'><strong>est,</strong></span> <span class='ocrx_word' id='word_1_96' title='bbox 861 1431 931 1498; x_wconf 78' lang='lat' dir='ltr'><strong>quae</strong></span> <span class='ocrx_word' id='word_1_97' title='bbox 950 1410 1042 1495; x_wconf 84' lang='lat' dir='ltr'><strong>jubet</strong></span> <span class='ocrx_word' id='word_1_98' title='bbox 1063 1412 1151 1476; x_wconf 84' lang='lat' dir='ltr'><strong>nesci</strong></span> <span class='ocrx_word' id='word_1_99' title='bbox 1173 1417 1206 1476; x_wconf 91' lang='lat' dir='ltr'><strong>et</strong></span> <span class='ocrx_word' id='word_1_100' title='bbox 1229 1412 1328 1490; x_wconf 87' lang='lat' dir='ltr'><strong>mori,</strong></span> <span class='ocrx_word' id='word_1_101' title='bbox 1362 1410 1426 1484; x_wconf 84' lang='lat' dir='ltr'><strong>hoo</strong></span> 
     </span>
     <span class='ocr_line' id='line_1_12' title="bbox 276 1513 1428 1602; baseline 0 -22"><span class='ocrx_word' id='word_1_102' title='bbox 276 1518 382 1580; x_wconf 84' lang='lat' dir='ltr'><strong>entem</strong></span> <span class='ocrx_word' id='word_1_103' title='bbox 416 1517 579 1598; x_wconf 76' lang='lat' dir='ltr'><strong>intelligas</strong></span> <span class='ocrx_word' id='word_1_104' title='bbox 618 1518 718 1581; x_wconf 88' lang='lat' dir='ltr'><strong>vitem</strong></span> <span class='ocrx_word' id='word_1_105' title='bbox 752 1515 899 1602; x_wconf 83' lang='lat' dir='ltr'><strong>gerendo.</strong></span> <span class='ocrx_word' id='word_1_106' title='bbox 957 1513 1015 1579; x_wconf 83' lang='lat' dir='ltr'><strong>Ait</strong></span> <span class='ocrx_word' id='word_1_107' title='bbox 1048 1516 1147 1581; x_wconf 87' lang='lat' dir='ltr'><strong>idem:</strong></span> <span class='ocrx_word' id='word_1_108' title='bbox 1185 1515 1333 1582; x_wconf 79' lang='lat' dir='ltr'><strong>debemus</strong></span> <span class='ocrx_word' id='word_1_109' title='bbox 1367 1537 1428 1582; x_wconf 89' lang='lat' dir='ltr'><strong>nos</strong></span> 
     </span>
     <span class='ocr_line' id='line_1_13' title="bbox 276 1619 1429 1706; baseline -0.002 -20"><span class='ocrx_word' id='word_1_110' title='bbox 276 1624 412 1706; x_wconf 78' lang='lat' dir='ltr'><strong>portare,</strong></span> <span class='ocrx_word' id='word_1_111' title='bbox 435 1621 519 1705; x_wconf 89' lang='lat' dir='ltr'><strong>quod</strong></span> <span class='ocrx_word' id='word_1_112' title='bbox 542 1644 605 1687; x_wconf 91' lang='lat' dir='ltr'><strong>non</strong></span> <span class='ocrx_word' id='word_1_113' title='bbox 629 1643 794 1706; x_wconf 85' lang='lat' dir='ltr'><strong>possumus</strong></span> <span class='ocrx_word' id='word_1_114' title='bbox 818 1622 928 1687; x_wconf 76' lang='lat' dir='ltr'><strong>nitere.</strong></span> <span class='ocrx_word' id='word_1_115' title='bbox 974 1619 1164 1706; x_wconf 83' lang='lat' dir='ltr'><strong>Exemplum</strong></span> <span class='ocrx_word' id='word_1_116' title='bbox 1194 1622 1233 1686; x_wconf 91' lang='lat' dir='ltr'><strong>de</strong></span> <span class='ocrx_word' id='word_1_117' title='bbox 1256 1619 1358 1686; x_wconf 82' lang='lat' dir='ltr'><strong>Derid</strong></span> <span class='ocrx_word' id='word_1_118' title='bbox 1387 1620 1429 1685; x_wconf 93' lang='lat' dir='ltr'><strong>de</strong></span> 
     </span>
     <span class='ocr_line' id='line_1_14' title="bbox 278 1724 1428 1812; baseline 0.001 -22"><span class='ocrx_word' id='word_1_119' title='bbox 278 1727 344 1790; x_wconf 91' lang='lat' dir='ltr'><strong>filio</strong></span> <span class='ocrx_word' id='word_1_120' title='bbox 367 1731 510 1792; x_wconf 86' lang='lat' dir='ltr'><strong>mortuo:</strong></span> <span class='ocrx_word' id='word_1_121' title='bbox 534 1727 609 1812; x_wconf 88' lang='lat' dir='ltr'><strong>quie</strong></span> <span class='ocrx_word' id='word_1_122' title='bbox 631 1731 773 1791; x_wconf 85' lang='lat' dir='ltr'><strong>mortuus</strong></span> <span class='ocrx_word' id='word_1_123' title='bbox 795 1731 852 1806; x_wconf 83' lang='lat' dir='ltr'><strong>eet,</strong></span> <span class='ocrx_word' id='word_1_124' title='bbox 877 1747 974 1811; x_wconf 84' lang='lat' dir='ltr'><strong>quere</strong></span> <span class='ocrx_word' id='word_1_125' title='bbox 985 1725 1114 1810; x_wconf 77' lang='lat' dir='ltr'><strong>jejuno?</strong></span> <span class='ocrx_word' id='word_1_126' title='bbox 1135 1724 1300 1811; x_wconf 86' lang='lat' dir='ltr'><strong>Numquid</strong></span> <span class='ocrx_word' id='word_1_127' title='bbox 1314 1729 1428 1810; x_wconf 86' lang='lat' dir='ltr'><strong>potero</strong></span> 
     </span>
     <span class='ocr_line' id='line_1_15' title="bbox 278 1831 1428 1918; baseline -0.002 -22"><span class='ocrx_word' id='word_1_128' title='bbox 278 1853 423 1896; x_wconf 83' lang='lat' dir='ltr'><strong>revocare</strong></span> <span class='ocrx_word' id='word_1_129' title='bbox 444 1834 539 1898; x_wconf 80' lang='lat' dir='ltr'><strong>eum?</strong></span> <span class='ocrx_word' id='word_1_130' title='bbox 569 1831 637 1918; x_wconf 78' lang='lat' dir='ltr'><strong>llgo</strong></span> <span class='ocrx_word' id='word_1_131' title='bbox 654 1833 764 1896; x_wconf 81' lang='lat' dir='ltr'><strong>rudem</strong></span> <span class='ocrx_word' id='word_1_132' title='bbox 781 1833 881 1917; x_wconf 71' lang='lat' dir='ltr'><strong>mmgis</strong></span> <span class='ocrx_word' id='word_1_133' title='bbox 906 1831 945 1896; x_wconf 89' lang='lat' dir='ltr'><strong>ed</strong></span> <span class='ocrx_word' id='word_1_134' title='bbox 967 1853 1048 1909; x_wconf 90' lang='lat' dir='ltr'><strong>eum,</strong></span> <span class='ocrx_word' id='word_1_135' title='bbox 1070 1831 1138 1915; x_wconf 88' lang='lat' dir='ltr'><strong>ipse</strong></span> <span class='ocrx_word' id='word_1_136' title='bbox 1161 1853 1226 1896; x_wconf 93' lang='lat' dir='ltr'><strong>non</strong></span> <span class='ocrx_word' id='word_1_137' title='bbox 1250 1835 1428 1897; x_wconf 85' lang='lat' dir='ltr'><strong>revertetur</strong></span> 
     </span>
    </p>
   </div>
   <div class='ocr_carea' id='block_1_8' title="bbox 241 1934 1559 2020">
    <p class='ocr_par' dir='ltr' id='par_1_8' title="bbox 241 1934 1559 2020">
     <span class='ocr_line' id='line_1_16' title="bbox 241 1934 1559 2020; baseline -0.003 -16"><span class='ocrx_word' id='word_1_138' title='bbox 241 1967 265 2004; x_wconf 75' lang='lat'><strong>15</strong></span> <span class='ocrx_word' id='word_1_139' title='bbox 280 1937 319 2001; x_wconf 85' lang='lat' dir='ltr'><strong>ed</strong></span> <span class='ocrx_word' id='word_1_140' title='bbox 348 1957 407 2000; x_wconf 68' lang='lat' dir='ltr'><strong>me,</strong></span> <span class='ocrx_word' id='word_1_141' title='bbox 454 1935 546 2000; x_wconf 85' lang='lat' dir='ltr'>Unde</span> <span class='ocrx_word' id='word_1_142' title='bbox 577 1937 727 2002; x_wconf 80' lang='lat' dir='ltr'><strong>nuntiate</strong></span> <span class='ocrx_word' id='word_1_143' title='bbox 760 1936 883 2003; x_wconf 88' lang='lat' dir='ltr'><strong>cuidem</strong></span> <span class='ocrx_word' id='word_1_144' title='bbox 918 1935 1108 2020; x_wconf 85' lang='lat' dir='ltr'><strong>philosopho</strong></span> <span class='ocrx_word' id='word_1_145' title='bbox 1139 1939 1241 2000; x_wconf 85' lang='lat' dir='ltr'><strong>morte</strong></span> <span class='ocrx_word' id='word_1_146' title='bbox 1272 1934 1331 2000; x_wconf 86' lang='lat' dir='ltr'><strong>lilii</strong></span> <span class='ocrx_word' id='word_1_147' title='bbox 1363 1936 1429 2000; x_wconf 84' lang='lat' dir='ltr'><strong>sit:</strong></span> <span class='ocrx_word' id='word_1_148' title='bbox 1558 1937 1559 1944; x_wconf 73' lang='grc'>’</span> 
     </span>
    </p>
   </div>
   <div class='ocr_carea' id='block_1_9' title="bbox 278 2039 1429 2232">
    <p class='ocr_par' dir='ltr' id='par_1_9' title="bbox 278 2039 1429 2232">
     <span class='ocr_line' id='line_1_17' title="bbox 278 2039 1429 2126; baseline -0.001 -20"><span class='ocrx_word' id='word_1_149' title='bbox 278 2041 428 2124; x_wconf 84' lang='lat' dir='ltr'><strong>quonism</strong></span> <span class='ocrx_word' id='word_1_150' title='bbox 451 2063 522 2105; x_wconf 88' lang='lat' dir='ltr'><strong>euru</strong></span> <span class='ocrx_word' id='word_1_151' title='bbox 546 2043 658 2126; x_wconf 55' lang='lat' dir='ltr'><strong>genuit</strong></span> <span class='ocrx_word' id='word_1_152' title='bbox 676 2042 792 2126; x_wconf 85' lang='lat' dir='ltr'><strong>iuquit,</strong></span> <span class='ocrx_word' id='word_1_153' title='bbox 816 2041 1005 2106; x_wconf 91' lang='lat' dir='ltr'><strong>moriturum</strong></span> <span class='ocrx_word' id='word_1_154' title='bbox 1028 2041 1116 2105; x_wconf 82' lang='lat' dir='ltr'><strong>sciri.</strong></span> <span class='ocrx_word' id='word_1_155' title='bbox 1147 2039 1267 2106; x_wconf 84' lang='lat' dir='ltr'><strong>Nerrst</strong></span> <span class='ocrx_word' id='word_1_156' title='bbox 1279 2039 1429 2106; x_wconf 81' lang='lat' dir='ltr'><strong>Valerius</strong></span> 
     </span>
     <span class='ocr_line' id='line_1_18' title="bbox 278 2143 1425 2232; baseline -0.001 -21"><span class='ocrx_word' id='word_1_157' title='bbox 278 2147 299 2211; x_wconf 91' lang='lat' dir='ltr'><strong>l.</strong></span> <span class='ocrx_word' id='word_1_158' title='bbox 315 2145 355 2210; x_wconf 79' lang='lat' dir='ltr'><strong>V.</strong></span> <span class='ocrx_word' id='word_1_159' title='bbox 378 2167 403 2210; x_wconf 89' lang='lat' dir='ltr'><strong>c.</strong></span> <span class='ocrx_word' id='word_1_160' title='bbox 429 2143 460 2210; x_wconf 87' lang='lat' dir='ltr'>X</span> <span class='ocrx_word' id='word_1_161' title='bbox 481 2147 598 2232; x_wconf 83' lang='lat' dir='ltr'><strong>dicens,</strong></span> <span class='ocrx_word' id='word_1_162' title='bbox 621 2148 705 2231; x_wconf 90' lang='lat' dir='ltr'><strong>quod</strong></span> <span class='ocrx_word' id='word_1_163' title='bbox 727 2149 933 2231; x_wconf 77' lang='lat' dir='ltr'><strong>Anaxagoras</strong></span> <span class='ocrx_word' id='word_1_164' title='bbox 954 2145 1064 2210; x_wconf 84' lang='lat' dir='ltr'><strong>cudite</strong></span> <span class='ocrx_word' id='word_1_165' title='bbox 1086 2149 1188 2210; x_wconf 86' lang='lat' dir='ltr'><strong>morte</strong></span> <span class='ocrx_word' id='word_1_166' title='bbox 1210 2145 1270 2210; x_wconf 90' lang='lat' dir='ltr'><strong>filii</strong></span> <span class='ocrx_word' id='word_1_167' title='bbox 1292 2167 1425 2230; x_wconf 82' lang='lat' dir='ltr'><strong>respon-</strong></span> 
     </span>
    </p>
   </div>
   <div class='ocr_carea' id='block_1_10' title="bbox 278 2249 1560 2340">
    <p class='ocr_par' dir='ltr' id='par_1_10' title="bbox 278 2249 1560 2340">
     <span class='ocr_line' id='line_1_19' title="bbox 278 2249 1560 2340; baseline 0.001 -27"><span class='ocrx_word' id='word_1_168' title='bbox 278 2250 342 2315; x_wconf 87' lang='lat' dir='ltr'><strong>dit:</strong></span> <span class='ocrx_word' id='word_1_169' title='bbox 367 2249 450 2314; x_wconf 89' lang='lat' dir='ltr'>nihil</span> <span class='ocrx_word' id='word_1_170' title='bbox 473 2251 600 2334; x_wconf 90' lang='lat' dir='ltr'><strong>quidem</strong></span> <span class='ocrx_word' id='word_1_171' title='bbox 623 2253 873 2336; x_wconf 81' lang='lat' dir='ltr'><strong>inexspectatum</strong></span> <span class='ocrx_word' id='word_1_172' title='bbox 898 2256 954 2317; x_wconf 87' lang='lat' dir='ltr'><strong>eut</strong></span> <span class='ocrx_word' id='word_1_173' title='bbox 980 2271 1096 2316; x_wconf 85' lang='lat' dir='ltr'><strong>novum</strong></span> <span class='ocrx_word' id='word_1_174' title='bbox 1111 2249 1251 2329; x_wconf 82' lang='lat' dir='ltr'><strong>nunties,</strong></span> <span class='ocrx_word' id='word_1_175' title='bbox 1276 2271 1335 2335; x_wconf 85' lang='lat' dir='ltr'><strong>ego</strong></span> <span class='ocrx_word' id='word_1_176' title='bbox 1350 2266 1424 2314; x_wconf 89' lang='lat' dir='ltr'><strong>eum</strong></span> <span class='ocrx_word' id='word_1_177' title='bbox 1558 2331 1560 2340; x_wconf 26' lang='grc' dir='ltr'>Ι</span> 
     </span>
    </p>
   </div>
   <div class='ocr_carea' id='block_1_11' title="bbox 240 2354 1467 4121">
    <p class='ocr_par' dir='ltr' id='par_1_11' title="bbox 240 2354 1467 4121">
     <span class='ocr_line' id='line_1_20' title="bbox 279 2354 1429 2440; baseline 0.002 -22"><span class='ocrx_word' id='word_1_178' title='bbox 279 2358 390 2418; x_wconf 83' lang='lat' dir='ltr'><strong>netum</strong></span> <span class='ocrx_word' id='word_1_179' title='bbox 412 2376 450 2418; x_wconf 86' lang='lat' dir='ltr'><strong>ex</strong></span> <span class='ocrx_word' id='word_1_180' title='bbox 473 2376 523 2418; x_wconf 91' lang='lat' dir='ltr'><strong>me</strong></span> <span class='ocrx_word' id='word_1_181' title='bbox 545 2355 680 2422; x_wconf 80' lang='lat' dir='ltr'><strong>sciebam</strong></span> <span class='ocrx_word' id='word_1_182' title='bbox 699 2379 764 2422; x_wconf 84' lang='lat' dir='ltr'><strong>esse</strong></span> <span class='ocrx_word' id='word_1_183' title='bbox 781 2356 956 2435; x_wconf 82' lang='lat' dir='ltr'><strong>mortalem,</strong></span> <span class='ocrx_word' id='word_1_184' title='bbox 980 2361 1074 2439; x_wconf 84' lang='lat' dir='ltr'><strong>etque</strong></span> <span class='ocrx_word' id='word_1_185' title='bbox 1097 2377 1116 2418; x_wconf 87' lang='lat' dir='ltr'><strong>e</strong></span> <span class='ocrx_word' id='word_1_186' title='bbox 1138 2354 1208 2440; x_wconf 79' lang='lat' dir='ltr'><strong>lege</strong></span> <span class='ocrx_word' id='word_1_187' title='bbox 1225 2359 1350 2419; x_wconf 80' lang='lat' dir='ltr'><strong>neturae</strong></span> <span class='ocrx_word' id='word_1_188' title='bbox 1376 2377 1429 2420; x_wconf 85' lang='lat' dir='ltr'><strong>eo-</strong></span> 
     </span>
     <span class='ocr_line' id='line_1_21' title="bbox 240 2459 1429 2547; baseline -0.003 -18"><span class='ocrx_word' id='word_1_189' title='bbox 240 2493 265 2530; x_wconf 77' lang='lat' dir='ltr'><strong>ne</strong></span> <span class='ocrx_word' id='word_1_190' title='bbox 279 2459 417 2542; x_wconf 91' lang='lat' dir='ltr'><strong>cipiendi</strong></span> <span class='ocrx_word' id='word_1_191' title='bbox 426 2460 558 2544; x_wconf 88' lang='lat' dir='ltr'><strong>spiritus</strong></span> <span class='ocrx_word' id='word_1_192' title='bbox 570 2468 603 2526; x_wconf 89' lang='lat' dir='ltr'><strong>et</strong></span> <span class='ocrx_word' id='word_1_193' title='bbox 614 2461 764 2526; x_wconf 88' lang='lat' dir='ltr'><strong>reddendi</strong></span> <span class='ocrx_word' id='word_1_194' title='bbox 777 2462 878 2547; x_wconf 83' lang='lat' dir='ltr'><strong>legem</strong></span> <span class='ocrx_word' id='word_1_195' title='bbox 892 2461 995 2540; x_wconf 90' lang='lat' dir='ltr'><strong>didici,</strong></span> <span class='ocrx_word' id='word_1_196' title='bbox 1009 2461 1168 2524; x_wconf 90' lang='lat' dir='ltr'><strong>neminem</strong></span> <span class='ocrx_word' id='word_1_197' title='bbox 1186 2461 1277 2538; x_wconf 90' lang='lat' dir='ltr'><strong>mori,</strong></span> <span class='ocrx_word' id='word_1_198' title='bbox 1290 2460 1346 2546; x_wconf 91' lang='lat' dir='ltr'><strong>qui</strong></span> <span class='ocrx_word' id='word_1_199' title='bbox 1363 2483 1429 2526; x_wconf 91' lang='lat' dir='ltr'><strong>non</strong></span> 
     </span>
     <span class='ocr_line' id='line_1_22' title="bbox 279 2564 1427 2650; baseline 0.004 -23"><span class='ocrx_word' id='word_1_200' title='bbox 279 2564 405 2642; x_wconf 81' lang='lat' dir='ltr'><strong>vixerit,</strong></span> <span class='ocrx_word' id='word_1_201' title='bbox 427 2565 472 2629; x_wconf 84' lang='lat' dir='ltr'><strong>itu</strong></span> <span class='ocrx_word' id='word_1_202' title='bbox 496 2588 554 2631; x_wconf 90' lang='lat' dir='ltr'><strong>nec</strong></span> <span class='ocrx_word' id='word_1_203' title='bbox 575 2567 701 2650; x_wconf 89' lang='lat' dir='ltr'><strong>quidem</strong></span> <span class='ocrx_word' id='word_1_204' title='bbox 722 2568 825 2632; x_wconf 85' lang='lat' dir='ltr'><strong>vivere</strong></span> <span class='ocrx_word' id='word_1_205' title='bbox 846 2566 994 2650; x_wconf 80' lang='lat' dir='ltr'><strong>aliquem,</strong></span> <span class='ocrx_word' id='word_1_206' title='bbox 1018 2567 1073 2649; x_wconf 89' lang='lat' dir='ltr'><strong>qui</strong></span> <span class='ocrx_word' id='word_1_207' title='bbox 1097 2585 1160 2629; x_wconf 91' lang='lat' dir='ltr'><strong>non</strong></span> <span class='ocrx_word' id='word_1_208' title='bbox 1183 2564 1228 2628; x_wconf 92' lang='lat' dir='ltr'><strong>sit</strong></span> <span class='ocrx_word' id='word_1_209' title='bbox 1251 2566 1427 2632; x_wconf 89' lang='lat' dir='ltr'><strong>moriturus</strong></span> 
     </span>
     <span class='ocr_line' id='line_1_23' title="bbox 280 2669 1429 2756; baseline 0 -21"><span class='ocrx_word' id='word_1_210' title='bbox 280 2671 477 2735; x_wconf 78' lang='lat' dir='ltr'><strong>naturaliter.</strong></span> <span class='ocrx_word' id='word_1_211' title='bbox 524 2669 655 2750; x_wconf 85' lang='lat' dir='ltr'><strong>Ibidem,</strong></span> <span class='ocrx_word' id='word_1_212' title='bbox 687 2672 770 2756; x_wconf 89' lang='lat' dir='ltr'><strong>quod</strong></span> <span class='ocrx_word' id='word_1_213' title='bbox 799 2669 977 2756; x_wconf 86' lang='lat' dir='ltr'>Xenophon</span> <span class='ocrx_word' id='word_1_214' title='bbox 1012 2670 1120 2734; x_wconf 82' lang='lat' dir='ltr'><strong>audite</strong></span> <span class='ocrx_word' id='word_1_215' title='bbox 1153 2673 1256 2735; x_wconf 87' lang='lat' dir='ltr'><strong>morte</strong></span> <span class='ocrx_word' id='word_1_216' title='bbox 1286 2670 1346 2734; x_wconf 92' lang='lat' dir='ltr'><strong>filii</strong></span> <span class='ocrx_word' id='word_1_217' title='bbox 1379 2673 1429 2735; x_wconf 92' lang='lat' dir='ltr'><strong>sui</strong></span> 
     </span>
     <span class='ocr_line' id='line_1_24' title="bbox 281 2773 1427 2860; baseline 0.002 -21"><span class='ocrx_word' id='word_1_218' title='bbox 281 2774 408 2858; x_wconf 85' lang='lat' dir='ltr'><strong>majoris</strong></span> <span class='ocrx_word' id='word_1_219' title='bbox 431 2779 518 2852; x_wconf 89' lang='lat' dir='ltr'><strong>netu,</strong></span> <span class='ocrx_word' id='word_1_220' title='bbox 542 2777 597 2860; x_wconf 91' lang='lat' dir='ltr'><strong>qui</strong></span> <span class='ocrx_word' id='word_1_221' title='bbox 620 2776 654 2840; x_wconf 91' lang='lat' dir='ltr'><strong>in</strong></span> <span class='ocrx_word' id='word_1_222' title='bbox 677 2775 760 2840; x_wconf 91' lang='lat' dir='ltr'><strong>bello</strong></span> <span class='ocrx_word' id='word_1_223' title='bbox 782 2776 947 2852; x_wconf 84' lang='lat' dir='ltr'><strong>occideret,</strong></span> <span class='ocrx_word' id='word_1_224' title='bbox 970 2795 1118 2838; x_wconf 75' lang='lat' dir='ltr'><strong>eoronam</strong></span> <span class='ocrx_word' id='word_1_225' title='bbox 1142 2777 1249 2838; x_wconf 87' lang='lat' dir='ltr'><strong>temen</strong></span> <span class='ocrx_word' id='word_1_226' title='bbox 1269 2773 1427 2859; x_wconf 86' lang='lat' dir='ltr'><strong>deponere</strong></span> 
     </span>
     <span class='ocr_line' id='line_1_25' title="bbox 282 2879 1428 2972; baseline 0.002 -27"><span class='ocrx_word' id='word_1_227' title='bbox 282 2882 448 2945; x_wconf 87' lang='lat' dir='ltr'><strong>contentus</strong></span> <span class='ocrx_word' id='word_1_228' title='bbox 470 2879 542 2945; x_wconf 91' lang='lat' dir='ltr'><strong>fuit.</strong></span> <span class='ocrx_word' id='word_1_229' title='bbox 580 2881 707 2966; x_wconf 78' lang='lat' dir='ltr'><strong>Agebat</strong></span> <span class='ocrx_word' id='word_1_230' title='bbox 729 2882 813 2944; x_wconf 91' lang='lat' dir='ltr'><strong>enirn</strong></span> <span class='ocrx_word' id='word_1_231' title='bbox 836 2882 975 2972; x_wconf 83' lang='lat' dir='ltr'><strong>solemne</strong></span> <span class='ocrx_word' id='word_1_232' title='bbox 998 2879 1196 2959; x_wconf 80' lang='lat' dir='ltr'><strong>sucrificium,</strong></span> <span class='ocrx_word' id='word_1_233' title='bbox 1219 2880 1333 2945; x_wconf 89' lang='lat' dir='ltr'><strong>deinde</strong></span> <span class='ocrx_word' id='word_1_234' title='bbox 1356 2903 1428 2966; x_wconf 91' lang='lat' dir='ltr'><strong>per·</strong></span> 
     </span>
     <span class='ocr_line' id='line_1_26' title="bbox 241 2983 1426 3069; baseline 0.003 -21"><span class='ocrx_word' id='word_1_235' title='bbox 241 3017 267 3054; x_wconf 63' lang='lat'><strong>20</strong></span> <span class='ocrx_word' id='word_1_236' title='bbox 280 2987 437 3062; x_wconf 86' lang='lat' dir='ltr'><strong>eontetus,</strong></span> <span class='ocrx_word' id='word_1_237' title='bbox 460 2986 616 3068; x_wconf 91' lang='lat' dir='ltr'><strong>quomodo</strong></span> <span class='ocrx_word' id='word_1_238' title='bbox 631 2987 837 3063; x_wconf 89' lang='lat' dir='ltr'><strong>occubuisset,</strong></span> <span class='ocrx_word' id='word_1_239' title='bbox 856 2991 891 3050; x_wconf 94' lang='lat' dir='ltr'><strong>ut</strong></span> <span class='ocrx_word' id='word_1_240' title='bbox 905 2984 1028 3050; x_wconf 75' lang='lat' dir='ltr'><strong>audivit</strong></span> <span class='ocrx_word' id='word_1_241' title='bbox 1042 2983 1215 3049; x_wconf 86' lang='lat' dir='ltr'><strong>fortissime</strong></span> <span class='ocrx_word' id='word_1_242' title='bbox 1229 2991 1426 3069; x_wconf 77' lang='lat' dir='ltr'><strong>pugnantem</strong></span> 
     </span>
     <span class='ocr_line' id='line_1_27' title="bbox 281 3088 1467 3176; baseline 0.007 -24"><span class='ocrx_word' id='word_1_243' title='bbox 281 3088 449 3168; x_wconf 90' lang='lat' dir='ltr'><strong>interiisse,</strong></span> <span class='ocrx_word' id='word_1_244' title='bbox 473 3091 570 3174; x_wconf 82' lang='lat' dir='ltr'><strong>cupiti</strong></span> <span class='ocrx_word' id='word_1_245' title='bbox 591 3091 732 3175; x_wconf 79' lang='lat' dir='ltr'><strong>reposuit</strong></span> <span class='ocrx_word' id='word_1_246' title='bbox 754 3111 900 3156; x_wconf 80' lang='lat' dir='ltr'><strong>corenam</strong></span> <span class='ocrx_word' id='word_1_247' title='bbox 922 3095 955 3156; x_wconf 92' lang='lat' dir='ltr'><strong>et</strong></span> <span class='ocrx_word' id='word_1_248' title='bbox 970 3110 1025 3176; x_wconf 89' lang='lat' dir='ltr'><strong>per</strong></span> <span class='ocrx_word' id='word_1_249' title='bbox 1037 3090 1178 3170; x_wconf 84' lang='lat' dir='ltr'><strong>nurnine,</strong></span> <span class='ocrx_word' id='word_1_250' title='bbox 1198 3091 1314 3176; x_wconf 89' lang='lat' dir='ltr'><strong>quibus</strong></span> <span class='ocrx_word' id='word_1_251' title='bbox 1328 3093 1428 3156; x_wconf 85' lang='lat' dir='ltr'><strong>sucri-</strong></span> <span class='ocrx_word' id='word_1_252' title='bbox 1458 3136 1467 3160; x_wconf 78' lang='grc'>,</span> 
     </span>
     <span class='ocr_line' id='line_1_28' title="bbox 282 3193 1424 3282; baseline 0.004 -24"><span class='ocrx_word' id='word_1_253' title='bbox 282 3193 414 3274; x_wconf 85' lang='lat' dir='ltr'><strong>ficsbet,</strong></span> <span class='ocrx_word' id='word_1_254' title='bbox 448 3200 582 3262; x_wconf 78' lang='lat' dir='ltr'><strong>testatus</strong></span> <span class='ocrx_word' id='word_1_255' title='bbox 611 3201 677 3274; x_wconf 88' lang='lat' dir='ltr'><strong>est,</strong></span> <span class='ocrx_word' id='word_1_256' title='bbox 712 3196 862 3280; x_wconf 84' lang='lat' dir='ltr'><strong>mojorem</strong></span> <span class='ocrx_word' id='word_1_257' title='bbox 891 3214 924 3262; x_wconf 85' lang='lat' dir='ltr'><strong>se</strong></span> <span class='ocrx_word' id='word_1_258' title='bbox 948 3217 985 3260; x_wconf 86' lang='lat' dir='ltr'><strong>ex</strong></span> <span class='ocrx_word' id='word_1_259' title='bbox 1008 3196 1124 3260; x_wconf 84' lang='lat' dir='ltr'><strong>virtute</strong></span> <span class='ocrx_word' id='word_1_260' title='bbox 1145 3195 1205 3260; x_wconf 92' lang='lat' dir='ltr'><strong>filii</strong></span> <span class='ocrx_word' id='word_1_261' title='bbox 1228 3197 1424 3282; x_wconf 81' lang='lat' dir='ltr'><strong>voluptutem</strong></span> 
     </span>
     <span class='ocr_line' id='line_1_29' title="bbox 282 3299 1426 3384; baseline 0.003 -20"><span class='ocrx_word' id='word_1_262' title='bbox 282 3321 390 3383; x_wconf 85' lang='lat' dir='ltr'><strong>quern·</strong></span> <span class='ocrx_word' id='word_1_263' title='bbox 411 3322 449 3366; x_wconf 86' lang='lat' dir='ltr'><strong>ex</strong></span> <span class='ocrx_word' id='word_1_264' title='bbox 477 3306 578 3384; x_wconf 82' lang='lat' dir='ltr'><strong>morte</strong></span> <span class='ocrx_word' id='word_1_265' title='bbox 612 3302 854 3368; x_wconf 78' lang='lat' dir='ltr'><strong>amaritudinem</strong></span> <span class='ocrx_word' id='word_1_266' title='bbox 887 3303 1012 3366; x_wconf 87' lang='lat' dir='ltr'><strong>sentire.</strong></span> <span class='ocrx_word' id='word_1_267' title='bbox 1058 3299 1179 3367; x_wconf 77' lang='lat' dir='ltr'><strong>Narrat</strong></span> <span class='ocrx_word' id='word_1_268' title='bbox 1210 3301 1426 3381; x_wconf 85' lang='lat' dir='ltr'><strong>Hieronimus,</strong></span> 
     </span>
     <span class='ocr_line' id='line_1_30' title="bbox 283 3405 1428 3490; baseline 0.003 -22"><span class='ocrx_word' id='word_1_269' title='bbox 283 3405 366 3488; x_wconf 90' lang='lat' dir='ltr'><strong>quod</strong></span> <span class='ocrx_word' id='word_1_270' title='bbox 388 3408 498 3470; x_wconf 82' lang='lat' dir='ltr'><strong>sancte</strong></span> <span class='ocrx_word' id='word_1_271' title='bbox 520 3407 661 3490; x_wconf 79' lang='lat' dir='ltr'><strong>quaedern</strong></span> <span class='ocrx_word' id='word_1_272' title='bbox 690 3411 722 3472; x_wconf 93' lang='lat' dir='ltr'><strong>et</strong></span> <span class='ocrx_word' id='word_1_273' title='bbox 744 3406 941 3473; x_wconf 83' lang='lat' dir='ltr'><strong>nobilissime</strong></span> <span class='ocrx_word' id='word_1_274' title='bbox 962 3407 1085 3483; x_wconf 88' lang='lat' dir='ltr'><strong>mulier,</strong></span> <span class='ocrx_word' id='word_1_275' title='bbox 1109 3427 1180 3470; x_wconf 90' lang='lat' dir='ltr'><strong>eum</strong></span> <span class='ocrx_word' id='word_1_276' title='bbox 1210 3408 1428 3490; x_wconf 77' lang='lat' dir='ltr'><strong>corpusculum</strong></span> 
     </span>
     <span class='ocr_line' id='line_1_31' title="bbox 244 3509 1428 3596; baseline 0.003 -23"><span class='ocrx_word' id='word_1_277' title='bbox 244 3543 270 3580; x_wconf 67' lang='lat'><strong>³0</strong></span> <span class='ocrx_word' id='word_1_278' title='bbox 284 3509 392 3574; x_wconf 81' lang='lat' dir='ltr'><strong>meriti</strong></span> <span class='ocrx_word' id='word_1_279' title='bbox 415 3511 463 3576; x_wconf 86' lang='lat' dir='ltr'><strong>sui</strong></span> <span class='ocrx_word' id='word_1_280' title='bbox 488 3512 636 3589; x_wconf 86' lang='lat' dir='ltr'><strong>defuncti,</strong></span> <span class='ocrx_word' id='word_1_281' title='bbox 661 3535 753 3596; x_wconf 88' lang='lat' dir='ltr'><strong>quem</strong></span> <span class='ocrx_word' id='word_1_282' title='bbox 770 3513 895 3577; x_wconf 80' lang='lat' dir='ltr'><strong>emebat</strong></span> <span class='ocrx_word' id='word_1_283' title='bbox 911 3516 943 3577; x_wconf 91' lang='lat' dir='ltr'><strong>et</strong></span> <span class='ocrx_word' id='word_1_284' title='bbox 955 3533 1048 3596; x_wconf 90' lang='lat' dir='ltr'><strong>quem</strong></span> <span class='ocrx_word' id='word_1_285' title='bbox 1063 3510 1218 3594; x_wconf 79' lang='lat' dir='ltr'><strong>plorebat,</strong></span> <span class='ocrx_word' id='word_1_286' title='bbox 1243 3511 1346 3577; x_wconf 81' lang='lat' dir='ltr'><strong>adhuc</strong></span> <span class='ocrx_word' id='word_1_287' title='bbox 1368 3535 1428 3578; x_wconf 92' lang='lat' dir='ltr'><strong>non</strong></span> 
     </span>
     <span class='ocr_line' id='line_1_32' title="bbox 285 3605 1429 3702; baseline 0 -22"><span class='ocrx_word' id='word_1_288' title='bbox 285 3620 368 3680; x_wconf 89' lang='lat' dir='ltr'><strong>esset</strong></span> <span class='ocrx_word' id='word_1_289' title='bbox 388 3605 565 3695; x_wconf 85' lang='lat' dir='ltr'><strong>humetum,</strong></span> <span class='ocrx_word' id='word_1_290' title='bbox 589 3618 622 3681; x_wconf 92' lang='lat' dir='ltr'><strong>in</strong></span> <span class='ocrx_word' id='word_1_291' title='bbox 644 3619 713 3702; x_wconf 90' lang='lat' dir='ltr'><strong>ipso</strong></span> <span class='ocrx_word' id='word_1_292' title='bbox 736 3618 905 3701; x_wconf 74' lang='lat' dir='ltr'><strong>sepulturae</strong></span> <span class='ocrx_word' id='word_1_293' title='bbox 927 3617 993 3700; x_wconf 89' lang='lat' dir='ltr'><strong>ejus</strong></span> <span class='ocrx_word' id='word_1_294' title='bbox 1016 3616 1066 3680; x_wconf 90' lang='lat' dir='ltr'><strong>die</strong></span> <span class='ocrx_word' id='word_1_295' title='bbox 1088 3617 1166 3681; x_wconf 90' lang='lat' dir='ltr'><strong>duos</strong></span> <span class='ocrx_word' id='word_1_296' title='bbox 1182 3615 1277 3681; x_wconf 91' lang='lat' dir='ltr'><strong>simul</strong></span> <span class='ocrx_word' id='word_1_297' title='bbox 1293 3617 1429 3700; x_wconf 90' lang='lat' dir='ltr'><strong>perdidit</strong></span> 
     </span>
     <span class='ocr_line' id='line_1_33' title="bbox 284 3719 1430 3799; baseline 0.001 -13"><span class='ocrx_word' id='word_1_298' title='bbox 284 3721 376 3786; x_wconf 86' lang='lat' dir='ltr'><strong>filios.</strong></span> <span class='ocrx_word' id='word_1_299' title='bbox 423 3721 503 3787; x_wconf 79' lang='lat' dir='ltr'><strong>Rem</strong></span> <span class='ocrx_word' id='word_1_300' title='bbox 525 3744 593 3786; x_wconf 91' lang='lat' dir='ltr'><strong>sum</strong></span> <span class='ocrx_word' id='word_1_301' title='bbox 617 3723 757 3788; x_wconf 86' lang='lat' dir='ltr'><strong>dicturus</strong></span> <span class='ocrx_word' id='word_1_302' title='bbox 781 3722 1015 3799; x_wconf 85' lang='lat' dir='ltr'><strong>incredibilem,</strong></span> <span class='ocrx_word' id='word_1_303' title='bbox 1038 3722 1090 3786; x_wconf 90' lang='lat' dir='ltr'><strong>ssd</strong></span> <span class='ocrx_word' id='word_1_304' title='bbox 1114 3719 1241 3786; x_wconf 81' lang='lat' dir='ltr'><strong>Christo</strong></span> <span class='ocrx_word' id='word_1_305' title='bbox 1263 3727 1345 3786; x_wconf 85' lang='lat' dir='ltr'><strong>teste</strong></span> <span class='ocrx_word' id='word_1_306' title='bbox 1367 3744 1430 3787; x_wconf 89' lang='lat' dir='ltr'><strong>non</strong></span> 
     </span>
     <span class='ocr_line' id='line_1_34' title="bbox 286 3826 1433 3914; baseline 0.003 -24"><span class='ocrx_word' id='word_1_307' title='bbox 286 3827 408 3892; x_wconf 78' lang='lat' dir='ltr'><strong>falsum.</strong></span> <span class='ocrx_word' id='word_1_308' title='bbox 444 3828 522 3905; x_wconf 85' lang='lat' dir='ltr'><strong>Quis</strong></span> <span class='ocrx_word' id='word_1_309' title='bbox 537 3826 625 3892; x_wconf 84' lang='lat' dir='ltr'><strong>illum</strong></span> <span class='ocrx_word' id='word_1_310' title='bbox 641 3849 704 3893; x_wconf 92' lang='lat' dir='ltr'><strong>non</strong></span> <span class='ocrx_word' id='word_1_311' title='bbox 720 3832 847 3911; x_wconf 80' lang='lat' dir='ltr'><strong>putaret</strong></span> <span class='ocrx_word' id='word_1_312' title='bbox 871 3829 972 3914; x_wconf 84' lang='lat' dir='ltr'><strong>pessis</strong></span> <span class='ocrx_word' id='word_1_313' title='bbox 994 3826 1145 3904; x_wconf 87' lang='lat' dir='ltr'><strong>crinibus,</strong></span> <span class='ocrx_word' id='word_1_314' title='bbox 1171 3830 1255 3891; x_wconf 86' lang='lat' dir='ltr'><strong>reste</strong></span> <span class='ocrx_word' id='word_1_315' title='bbox 1276 3829 1433 3893; x_wconf 85' lang='lat' dir='ltr'><strong>conscisse</strong></span> 
     </span>
     <span class='ocr_line' id='line_1_35' title="bbox 285 3931 1432 4018; baseline -0.002 -21"><span class='ocrx_word' id='word_1_316' title='bbox 285 3934 476 3998; x_wconf 73' lang='lat' dir='ltr'><strong>lacerantem</strong></span> <span class='ocrx_word' id='word_1_317' title='bbox 500 3936 608 4016; x_wconf 89' lang='lat' dir='ltr'><strong>pectus</strong></span> <span class='ocrx_word' id='word_1_318' title='bbox 628 3933 791 3998; x_wconf 81' lang='lat' dir='ltr'><strong>incedere?</strong></span> <span class='ocrx_word' id='word_1_319' title='bbox 822 3933 984 4018; x_wconf 81' lang='lat' dir='ltr'><strong>Lecrymse</strong></span> <span class='ocrx_word' id='word_1_320' title='bbox 998 3931 1125 4015; x_wconf 81' lang='lat' dir='ltr'><strong>quidem</strong></span> <span class='ocrx_word' id='word_1_321' title='bbox 1140 3935 1234 4017; x_wconf 87' lang='lat' dir='ltr'><strong>gutte</strong></span> <span class='ocrx_word' id='word_1_322' title='bbox 1249 3951 1313 3996; x_wconf 93' lang='lat' dir='ltr'><strong>non</strong></span> <span class='ocrx_word' id='word_1_323' title='bbox 1329 3931 1432 4012; x_wconf 85' lang='lat' dir='ltr'><strong>fluxit,</strong></span> 
     </span>
     <span class='ocr_line' id='line_1_36' title="bbox 247 4035 1433 4121; baseline -0.004 -15"><span class='ocrx_word' id='word_1_324' title='bbox 247 4069 272 4106; x_wconf 78' lang='lat' dir='ltr'><strong>se</strong></span> <span class='ocrx_word' id='word_1_325' title='bbox 286 4038 377 4102; x_wconf 87' lang='lat' dir='ltr'><strong>stetit</strong></span> <span class='ocrx_word' id='word_1_326' title='bbox 389 4037 561 4102; x_wconf 88' lang='lat' dir='ltr'><strong>immobilis</strong></span> <span class='ocrx_word' id='word_1_327' title='bbox 584 4042 616 4101; x_wconf 90' lang='lat' dir='ltr'><strong>st</strong></span> <span class='ocrx_word' id='word_1_328' title='bbox 638 4038 787 4102; x_wconf 85' lang='lat' dir='ltr'><strong>udvolute</strong></span> <span class='ocrx_word' id='word_1_329' title='bbox 808 4039 847 4102; x_wconf 87' lang='lat' dir='ltr'><strong>ed</strong></span> <span class='ocrx_word' id='word_1_330' title='bbox 870 4037 963 4121; x_wconf 87' lang='lat' dir='ltr'><strong>pedes</strong></span> <span class='ocrx_word' id='word_1_331' title='bbox 985 4035 1114 4115; x_wconf 81' lang='lat' dir='ltr'><strong>Christi,</strong></span> <span class='ocrx_word' id='word_1_332' title='bbox 1138 4036 1228 4120; x_wconf 80' lang='lat' dir='ltr'><strong>quusi</strong></span> <span class='ocrx_word' id='word_1_333' title='bbox 1251 4037 1357 4120; x_wconf 89' lang='lat' dir='ltr'><strong>ipsum</strong></span> <span class='ocrx_word' id='word_1_334' title='bbox 1386 4039 1433 4101; x_wconf 68' lang='lat' dir='ltr'><strong>te</strong></span> 
     </span>
    </p>
   </div>
   <div class='ocr_carea' id='block_1_12' title="bbox 287 4140 1560 4227">
    <p class='ocr_par' dir='ltr' id='par_1_12' title="bbox 287 4140 1560 4227">
     <span class='ocr_line' id='line_1_37' title="bbox 287 4140 1560 4227; baseline 0 -21"><span class='ocrx_word' id='word_1_335' title='bbox 287 4149 386 4220; x_wconf 90' lang='lat' dir='ltr'><strong>neret,</strong></span> <span class='ocrx_word' id='word_1_336' title='bbox 409 4143 472 4207; x_wconf 87' lang='lat' dir='ltr'><strong>eit:</strong></span> <span class='ocrx_word' id='word_1_337' title='bbox 497 4143 651 4227; x_wconf 85' lang='lat' dir='ltr'><strong>expedite,</strong></span> <span class='ocrx_word' id='word_1_338' title='bbox 675 4144 789 4225; x_wconf 90' lang='lat' dir='ltr'><strong>inquit,</strong></span> <span class='ocrx_word' id='word_1_339' title='bbox 814 4143 969 4208; x_wconf 78' lang='lat' dir='ltr'><strong>servitura</strong></span> <span class='ocrx_word' id='word_1_340' title='bbox 989 4163 1070 4220; x_wconf 87' lang='lat' dir='ltr'><strong>sum,</strong></span> <span class='ocrx_word' id='word_1_341' title='bbox 1093 4141 1236 4217; x_wconf 89' lang='lat' dir='ltr'><strong>domine,</strong></span> <span class='ocrx_word' id='word_1_342' title='bbox 1266 4140 1338 4219; x_wconf 86' lang='lat' dir='ltr'><strong>tibi,</strong></span> <span class='ocrx_word' id='word_1_343' title='bbox 1361 4143 1436 4225; x_wconf 87' lang='lat' dir='ltr'><strong>quie</strong></span> <span class='ocrx_word' id='word_1_344' title='bbox 1559 4211 1560 4220; x_wconf 40' lang='lat'><strong>,</strong></span> 
     </span>
    </p>
   </div>
   <div class='ocr_carea' id='block_1_13' title="bbox 288 4245 1435 4334">
    <p class='ocr_par' dir='ltr' id='par_1_13' title="bbox 288 4245 1435 4334">
     <span class='ocr_line' id='line_1_38' title="bbox 288 4245 1435 4334; baseline 0 -24"><span class='ocrx_word' id='word_1_345' title='bbox 288 4271 338 4313; x_wconf 83' lang='lat' dir='ltr'><strong>me</strong></span> <span class='ocrx_word' id='word_1_346' title='bbox 360 4271 379 4312; x_wconf 82' lang='lat' dir='ltr'><strong>a</strong></span> <span class='ocrx_word' id='word_1_347' title='bbox 401 4251 491 4312; x_wconf 87' lang='lat' dir='ltr'><strong>tento</strong></span> <span class='ocrx_word' id='word_1_348' title='bbox 512 4269 605 4312; x_wconf 91' lang='lat' dir='ltr'><strong>onere</strong></span> <span class='ocrx_word' id='word_1_349' title='bbox 627 4247 778 4312; x_wconf 79' lang='lat' dir='ltr'><strong>liberasti.</strong></span> <span class='ocrx_word' id='word_1_350' title='bbox 814 4248 947 4334; x_wconf 85' lang='lat' dir='ltr'><strong>Legitur</strong></span> <span class='ocrx_word' id='word_1_351' title='bbox 962 4249 995 4312; x_wconf 91' lang='lat' dir='ltr'><strong>in</strong></span> <span class='ocrx_word' id='word_1_352' title='bbox 1011 4245 1176 4312; x_wconf 80' lang='lat' dir='ltr'><strong>(lhrunicis</strong></span> <span class='ocrx_word' id='word_1_353' title='bbox 1197 4247 1435 4330; x_wconf 77' lang='lat' dir='ltr'><strong>imperatorum,</strong></span> 
     </span>
    </p>
   </div>
   <div class='ocr_carea' id='block_1_14' title="bbox 290 4349 1560 4438">
    <p class='ocr_par' dir='ltr' id='par_1_14' title="bbox 290 4349 1560 4438">
     <span class='ocr_line' id='line_1_39' title="bbox 290 4349 1560 4438; baseline 0 -22"><span class='ocrx_word' id='word_1_354' title='bbox 290 4355 371 4436; x_wconf 87' lang='lat' dir='ltr'><strong>quod</strong></span> <span class='ocrx_word' id='word_1_355' title='bbox 396 4373 473 4418; x_wconf 86' lang='lat' dir='ltr'><strong>uxor</strong></span> <span class='ocrx_word' id='word_1_356' title='bbox 496 4351 663 4418; x_wconf 79' lang='lat' dir='ltr'><strong>Octaviani</strong></span> <span class='ocrx_word' id='word_1_357' title='bbox 686 4349 857 4420; x_wconf 67' lang='lat' dir='ltr'><strong>tumuerit</strong></span> <span class='ocrx_word' id='word_1_358' title='bbox 880 4354 1039 4438; x_wconf 79' lang='lat' dir='ltr'><strong>quendum</strong></span> <span class='ocrx_word' id='word_1_359' title='bbox 1061 4352 1163 4417; x_wconf 89' lang='lat' dir='ltr'><strong>filiurn</strong></span> <span class='ocrx_word' id='word_1_360' title='bbox 1186 4370 1277 4418; x_wconf 87' lang='lat' dir='ltr'><strong>suum</strong></span> <span class='ocrx_word' id='word_1_361' title='bbox 1305 4351 1434 4417; x_wconf 88' lang='lat' dir='ltr'><strong>nomine</strong></span> <span class='ocrx_word' id='word_1_362' title='bbox 1559 4399 1560 4410; x_wconf 53' lang='grc'>,</span> 
     </span>
    </p>
   </div>
   <div class='ocr_carea' id='block_1_15' title="bbox 0 0 1583 4962">
    <p class='ocr_par' dir='ltr' id='par_1_15' title="bbox 0 0 1583 4962">
     <span class='ocr_line' id='line_1_40' title="bbox 0 0 1583 4962; baseline 0 0"><span class='ocrx_word' id='word_1_363' title='bbox 0 0 1583 4962; x_wconf 95' lang='lat' dir='ltr'><strong> </strong></span> 
     </span>
    </p>
   </div>
  </div>
 </body>
</html>
