<?xml version="1.0" encoding="UTF-8"?>
<!DOCTYPE html PUBLIC "-//W3C//DTD XHTML 1.0 Transitional//EN"
    "http://www.w3.org/TR/xhtml1/DTD/xhtml1-transitional.dtd">
<html xmlns="http://www.w3.org/1999/xhtml" xml:lang="en" lang="en">
 <head>
  <title>
</title>
<meta http-equiv="Content-Type" content="text/html;charset=utf-8" />
  <meta name='ocr-system' content='tesseract 3.04.00' />
  <meta name='ocr-capabilities' content='ocr_page ocr_carea ocr_par ocr_line ocrx_word'/>
</head>
<body>
  <div class='ocr_page' id='page_1' title='image "./zweiredenankais02sleigoog/zweiredenankais02sleigoog_0798.png"; bbox 0 0 3172 4962; ppageno 0'>
   <div class='ocr_carea' id='block_1_1' title="bbox 712 365 774 430">
    <p class='ocr_par' dir='ltr' id='par_1_1' title="bbox 712 365 774 430">
     <span class='ocr_line' id='line_1_1' title="bbox 712 365 774 430; baseline 0 0"><span class='ocrx_word' id='word_1_1' title='bbox 712 365 774 430; x_wconf 78' lang='lat'><strong>19⁷</strong></span> 
     </span>
    </p>
   </div>
   <div class='ocr_carea' id='block_1_2' title="bbox 7 535 1320 1152">
    <p class='ocr_par' dir='ltr' id='par_1_2' title="bbox 7 535 1320 1152">
     <span class='ocr_line' id='line_1_2' title="bbox 166 535 1319 626; baseline 0.003 -24"><span class='ocrx_word' id='word_1_2' title='bbox 166 557 249 603; x_wconf 85' lang='lat' dir='ltr'><strong>vana</strong></span> <span class='ocrx_word' id='word_1_3' title='bbox 271 541 321 604; x_wconf 92' lang='lat' dir='ltr'><strong>est</strong></span> <span class='ocrx_word' id='word_1_4' title='bbox 343 537 557 622; x_wconf 68' lang='lat' dir='ltr'>pulchritudo.</span> <span class='ocrx_word' id='word_1_5' title='bbox 602 535 651 603; x_wconf 90' lang='lat' dir='ltr'><strong>De</strong></span> <span class='ocrx_word' id='word_1_6' title='bbox 673 537 792 604; x_wconf 89' lang='lat' dir='ltr'><strong>talibus</strong></span> <span class='ocrx_word' id='word_1_7' title='bbox 814 539 862 605; x_wconf 90' lang='lat' dir='ltr'><strong>ait</strong></span> <span class='ocrx_word' id='word_1_8' title='bbox 884 537 1101 626; x_wconf 71' lang='lat' dir='ltr'><strong>Augustinus:</strong></span> <span class='ocrx_word' id='word_1_9' title='bbox 1126 559 1196 605; x_wconf 85' lang='lat' dir='ltr'><strong>ecce</strong></span> <span class='ocrx_word' id='word_1_10' title='bbox 1210 539 1319 605; x_wconf 91' lang='lat' dir='ltr'><strong>omnia</strong></span> 
     </span>
     <span class='ocr_line' id='line_1_3' title="bbox 166 641 1318 731; baseline 0.003 -23"><span class='ocrx_word' id='word_1_11' title='bbox 166 641 300 728; x_wconf 83' lang='lat' dir='ltr'><strong>pulchra</strong></span> <span class='ocrx_word' id='word_1_12' title='bbox 322 648 398 710; x_wconf 89' lang='lat' dir='ltr'><strong>sunt</strong></span> <span class='ocrx_word' id='word_1_13' title='bbox 421 667 492 718; x_wconf 89' lang='lat' dir='ltr'><strong>cum</strong></span> <span class='ocrx_word' id='word_1_14' title='bbox 515 643 700 710; x_wconf 90' lang='lat' dir='ltr'><strong>hominibus</strong></span> <span class='ocrx_word' id='word_1_15' title='bbox 731 649 763 710; x_wconf 91' lang='lat' dir='ltr'><strong>et</strong></span> <span class='ocrx_word' id='word_1_16' title='bbox 785 645 847 730; x_wconf 87' lang='lat' dir='ltr'><strong>ipsi</strong></span> <span class='ocrx_word' id='word_1_17' title='bbox 869 649 945 712; x_wconf 90' lang='lat' dir='ltr'><strong>sunt</strong></span> <span class='ocrx_word' id='word_1_18' title='bbox 966 649 1085 731; x_wconf 84' lang='lat' dir='ltr'><strong>turpes.</strong></span> <span class='ocrx_word' id='word_1_19' title='bbox 1130 645 1223 712; x_wconf 88' lang='lat' dir='ltr'><strong>Unde</strong></span> <span class='ocrx_word' id='word_1_20' title='bbox 1245 647 1318 731; x_wconf 90' lang='lat' dir='ltr'><strong>qni-</strong></span> 
     </span>
     <span class='ocr_line' id='line_1_4' title="bbox 166 747 1318 836; baseline 0.003 -24"><span class='ocrx_word' id='word_1_21' title='bbox 166 747 239 813; x_wconf 91' lang='lat' dir='ltr'><strong>dam</strong></span> <span class='ocrx_word' id='word_1_22' title='bbox 261 770 316 815; x_wconf 87' lang='lat' dir='ltr'><strong>rex</strong></span> <span class='ocrx_word' id='word_1_23' title='bbox 338 749 416 816; x_wconf 89' lang='lat' dir='ltr'><strong>fecit</strong></span> <span class='ocrx_word' id='word_1_24' title='bbox 436 750 615 816; x_wconf 82' lang='lat' dir='ltr'><strong>convivium</strong></span> <span class='ocrx_word' id='word_1_25' title='bbox 638 749 836 836; x_wconf 90' lang='lat' dir='ltr'><strong>principibus</strong></span> <span class='ocrx_word' id='word_1_26' title='bbox 858 752 943 830; x_wconf 80' lang='lat' dir='ltr'><strong>suuis,</strong></span> <span class='ocrx_word' id='word_1_27' title='bbox 975 753 1007 815; x_wconf 91' lang='lat' dir='ltr'><strong>et</strong></span> <span class='ocrx_word' id='word_1_28' title='bbox 1040 771 1112 816; x_wconf 91' lang='lat' dir='ltr'><strong>eum</strong></span> <span class='ocrx_word' id='word_1_29' title='bbox 1140 772 1205 816; x_wconf 91' lang='lat' dir='ltr'><strong>non</strong></span> <span class='ocrx_word' id='word_1_30' title='bbox 1235 755 1318 818; x_wconf 89' lang='lat' dir='ltr'><strong>esset</strong></span> 
     </span>
     <span class='ocr_line' id='line_1_5' title="bbox 166 853 1318 942; baseline 0.004 -25"><span class='ocrx_word' id='word_1_31' title='bbox 166 853 282 938; x_wconf 90' lang='lat' dir='ltr'><strong>aliquis</strong></span> <span class='ocrx_word' id='word_1_32' title='bbox 305 857 442 942; x_wconf 82' lang='lat' dir='ltr'><strong>angulus</strong></span> <span class='ocrx_word' id='word_1_33' title='bbox 465 857 499 921; x_wconf 91' lang='lat' dir='ltr'><strong>in</strong></span> <span class='ocrx_word' id='word_1_34' title='bbox 522 856 615 922; x_wconf 91' lang='lat' dir='ltr'><strong>domo</strong></span> <span class='ocrx_word' id='word_1_35' title='bbox 638 856 714 940; x_wconf 88' lang='lat' dir='ltr'><strong>ejus,</strong></span> <span class='ocrx_word' id='word_1_36' title='bbox 737 856 793 940; x_wconf 89' lang='lat' dir='ltr'><strong>qui</strong></span> <span class='ocrx_word' id='word_1_37' title='bbox 815 877 881 920; x_wconf 91' lang='lat' dir='ltr'><strong>non</strong></span> <span class='ocrx_word' id='word_1_38' title='bbox 896 859 978 921; x_wconf 87' lang='lat' dir='ltr'><strong>esset</strong></span> <span class='ocrx_word' id='word_1_39' title='bbox 994 859 1160 940; x_wconf 89' lang='lat' dir='ltr'><strong>coopertus</strong></span> <span class='ocrx_word' id='word_1_40' title='bbox 1176 877 1318 942; x_wconf 79' lang='lat' dir='ltr'><strong>purpura</strong></span> 
     </span>
     <span class='ocr_line' id='line_1_6' title="bbox 7 945 1320 1048; baseline 0.003 -24"><span class='ocrx_word' id='word_1_41' title='bbox 7 945 11 984; x_wconf 66' lang='lat'><em>³</em></span> <span class='ocrx_word' id='word_1_42' title='bbox 142 975 154 1014; x_wconf 75' lang='lat'><strong>⁶</strong></span> <span class='ocrx_word' id='word_1_43' title='bbox 168 961 201 1024; x_wconf 90' lang='lat' dir='ltr'><strong>et</strong></span> <span class='ocrx_word' id='word_1_44' title='bbox 210 957 281 1024; x_wconf 84' lang='lat' dir='ltr'><strong>aliis</strong></span> <span class='ocrx_word' id='word_1_45' title='bbox 292 960 386 1026; x_wconf 87' lang='lat' dir='ltr'><strong>rebus</strong></span> <span class='ocrx_word' id='word_1_46' title='bbox 401 963 564 1048; x_wconf 88' lang='lat' dir='ltr'><strong>pretiosis,</strong></span> <span class='ocrx_word' id='word_1_47' title='bbox 579 961 673 1027; x_wconf 73' lang='lat' dir='ltr'><strong>affixit</strong></span> <span class='ocrx_word' id='word_1_48' title='bbox 682 961 810 1045; x_wconf 84' lang='lat' dir='ltr'><strong>quidam</strong></span> <span class='ocrx_word' id='word_1_49' title='bbox 823 959 1039 1046; x_wconf 88' lang='lat' dir='ltr'><strong>philosophus.</strong></span> <span class='ocrx_word' id='word_1_50' title='bbox 1069 958 1211 1036; x_wconf 73' lang='lat' dir='ltr'><strong>Quicum</strong></span> <span class='ocrx_word' id='word_1_51' title='bbox 1223 961 1320 1028; x_wconf 86' lang='lat' dir='ltr'><strong>vellet</strong></span> 
     </span>
     <span class='ocr_line' id='line_1_7' title="bbox 7 1051 1316 1152; baseline 0.003 -24"><span class='ocrx_word' id='word_1_52' title='bbox 7 1051 11 1076; x_wconf 39' lang='lat' dir='ltr'><strong>i</strong></span> <span class='ocrx_word' id='word_1_53' title='bbox 167 1085 337 1149; x_wconf 77' lang='lat' dir='ltr'><strong>exspuere,</strong></span> <span class='ocrx_word' id='word_1_54' title='bbox 368 1069 493 1152; x_wconf 87' lang='lat' dir='ltr'><strong>exspuit</strong></span> <span class='ocrx_word' id='word_1_55' title='bbox 521 1065 691 1132; x_wconf 89' lang='lat' dir='ltr'><strong>infaciem</strong></span> <span class='ocrx_word' id='word_1_56' title='bbox 721 1067 815 1152; x_wconf 81' lang='lat' dir='ltr'><strong>regis.</strong></span> <span class='ocrx_word' id='word_1_57' title='bbox 861 1065 904 1130; x_wconf 79' lang='lat' dir='ltr'><strong>Et</strong></span> <span class='ocrx_word' id='word_1_58' title='bbox 927 1086 999 1130; x_wconf 89' lang='lat' dir='ltr'><strong>eum</strong></span> <span class='ocrx_word' id='word_1_59' title='bbox 1022 1064 1163 1130; x_wconf 84' lang='lat' dir='ltr'><strong>ministri</strong></span> <span class='ocrx_word' id='word_1_60' title='bbox 1184 1070 1316 1151; x_wconf 86' lang='lat' dir='ltr'><strong>propter</strong></span> 
     </span>
    </p>
   </div>
   <div class='ocr_carea' id='block_1_3' title="bbox 127 1168 1317 1573">
    <p class='ocr_par' dir='ltr' id='par_1_3' title="bbox 127 1168 1317 1573">
     <span class='ocr_line' id='line_1_8' title="bbox 166 1168 1316 1256; baseline 0.003 -23"><span class='ocrx_word' id='word_1_61' title='bbox 166 1168 227 1234; x_wconf 91' lang='lat' dir='ltr'><strong>hoc</strong></span> <span class='ocrx_word' id='word_1_62' title='bbox 246 1169 367 1236; x_wconf 85' lang='lat' dir='ltr'><strong>vellent</strong></span> <span class='ocrx_word' id='word_1_63' title='bbox 389 1193 460 1238; x_wconf 89' lang='lat' dir='ltr'><strong>eum</strong></span> <span class='ocrx_word' id='word_1_64' title='bbox 484 1173 596 1238; x_wconf 90' lang='lat' dir='ltr'><strong>ducere</strong></span> <span class='ocrx_word' id='word_1_65' title='bbox 618 1169 659 1236; x_wconf 85' lang='lat' dir='ltr'><strong>ad</strong></span> <span class='ocrx_word' id='word_1_66' title='bbox 681 1170 954 1256; x_wconf 78' lang='lat' dir='ltr'><strong>suspendendum,</strong></span> <span class='ocrx_word' id='word_1_67' title='bbox 984 1192 1050 1236; x_wconf 91' lang='lat' dir='ltr'><strong>non</strong></span> <span class='ocrx_word' id='word_1_68' title='bbox 1082 1169 1229 1255; x_wconf 91' lang='lat' dir='ltr'><strong>permisit</strong></span> <span class='ocrx_word' id='word_1_69' title='bbox 1250 1192 1316 1250; x_wconf 86' lang='lat' dir='ltr'><strong>rex,</strong></span> 
     </span>
     <span class='ocr_line' id='line_1_9' title="bbox 166 1273 1316 1363; baseline 0.001 -24"><span class='ocrx_word' id='word_1_70' title='bbox 166 1273 221 1340; x_wconf 89' lang='lat' dir='ltr'><strong>sed</strong></span> <span class='ocrx_word' id='word_1_71' title='bbox 244 1275 390 1360; x_wconf 82' lang='lat' dir='ltr'><strong>quaesivit</strong></span> <span class='ocrx_word' id='word_1_72' title='bbox 412 1300 432 1343; x_wconf 91' lang='lat' dir='ltr'><strong>a</strong></span> <span class='ocrx_word' id='word_1_73' title='bbox 454 1275 655 1363; x_wconf 89' lang='lat' dir='ltr'><strong>philosopho,</strong></span> <span class='ocrx_word' id='word_1_74' title='bbox 679 1297 776 1360; x_wconf 89' lang='lat' dir='ltr'><strong>quare</strong></span> <span class='ocrx_word' id='word_1_75' title='bbox 798 1275 858 1341; x_wconf 91' lang='lat' dir='ltr'><strong>hoo</strong></span> <span class='ocrx_word' id='word_1_76' title='bbox 880 1275 1015 1342; x_wconf 87' lang='lat' dir='ltr'><strong>fecisset.</strong></span> <span class='ocrx_word' id='word_1_77' title='bbox 1061 1275 1120 1342; x_wconf 78' lang='lat' dir='ltr'><strong>oui</strong></span> <span class='ocrx_word' id='word_1_78' title='bbox 1133 1275 1316 1360; x_wconf 87' lang='lat' dir='ltr'><strong>respondit:</strong></span> 
     </span>
     <span class='ocr_line' id='line_1_10' title="bbox 166 1379 1317 1469; baseline 0.001 -25"><span class='ocrx_word' id='word_1_79' title='bbox 166 1379 232 1445; x_wconf 85' lang='lat' dir='ltr'><strong>vidi</strong></span> <span class='ocrx_word' id='word_1_80' title='bbox 253 1379 318 1447; x_wconf 84' lang='lat' dir='ltr'><strong>alia</strong></span> <span class='ocrx_word' id='word_1_81' title='bbox 339 1382 408 1448; x_wconf 88' lang='lat' dir='ltr'><strong>loca</strong></span> <span class='ocrx_word' id='word_1_82' title='bbox 430 1385 525 1468; x_wconf 90' lang='lat' dir='ltr'><strong>plena</strong></span> <span class='ocrx_word' id='word_1_83' title='bbox 546 1385 680 1469; x_wconf 79' lang='lat' dir='ltr'><strong>argento</strong></span> <span class='ocrx_word' id='word_1_84' title='bbox 709 1385 742 1447; x_wconf 92' lang='lat' dir='ltr'><strong>et</strong></span> <span class='ocrx_word' id='word_1_85' title='bbox 764 1403 842 1448; x_wconf 89' lang='lat' dir='ltr'><strong>auro</strong></span> <span class='ocrx_word' id='word_1_86' title='bbox 873 1385 906 1447; x_wconf 88' lang='lat' dir='ltr'><strong>et</strong></span> <span class='ocrx_word' id='word_1_87' title='bbox 934 1381 1069 1467; x_wconf 84' lang='lat' dir='ltr'><strong>gemmis</strong></span> <span class='ocrx_word' id='word_1_88' title='bbox 1101 1385 1134 1446; x_wconf 90' lang='lat' dir='ltr'><strong>et</strong></span> <span class='ocrx_word' id='word_1_89' title='bbox 1166 1380 1317 1466; x_wconf 87' lang='lat' dir='ltr'><strong>purpuris</strong></span> 
     </span>
     <span class='ocr_line' id='line_1_11' title="bbox 127 1477 1316 1573; baseline 0.002 -24"><span class='ocrx_word' id='word_1_90' title='bbox 127 1503 153 1542; x_wconf 84' lang='lat'><strong>1⁰</strong></span> <span class='ocrx_word' id='word_1_91' title='bbox 166 1484 333 1570; x_wconf 74' lang='lat' dir='ltr'><strong>pretiosis,</strong></span> <span class='ocrx_word' id='word_1_92' title='bbox 364 1491 396 1552; x_wconf 91' lang='lat' dir='ltr'><strong>et</strong></span> <span class='ocrx_word' id='word_1_93' title='bbox 422 1477 502 1553; x_wconf 90' lang='lat' dir='ltr'><strong>ideo</strong></span> <span class='ocrx_word' id='word_1_94' title='bbox 515 1488 548 1552; x_wconf 91' lang='lat' dir='ltr'><strong>in</strong></span> <span class='ocrx_word' id='word_1_95' title='bbox 573 1486 704 1553; x_wconf 85' lang='lat' dir='ltr'><strong>barbam</strong></span> <span class='ocrx_word' id='word_1_96' title='bbox 726 1487 810 1573; x_wconf 83' lang='lat' dir='ltr'><strong>regis</strong></span> <span class='ocrx_word' id='word_1_97' title='bbox 833 1487 1042 1552; x_wconf 86' lang='lat' dir='ltr'><strong>incrassatam</strong></span> <span class='ocrx_word' id='word_1_98' title='bbox 1065 1489 1096 1550; x_wconf 92' lang='lat' dir='ltr'><strong>et</strong></span> <span class='ocrx_word' id='word_1_99' title='bbox 1118 1507 1157 1550; x_wconf 85' lang='lat' dir='ltr'><strong>ex</strong></span> <span class='ocrx_word' id='word_1_100' title='bbox 1178 1486 1316 1572; x_wconf 82' lang='lat' dir='ltr'><strong>pingue-</strong></span> 
     </span>
    </p>
   </div>
   <div class='ocr_carea' id='block_1_4' title="bbox 126 1587 1336 3233">
    <p class='ocr_par' dir='ltr' id='par_1_4' title="bbox 166 1587 1336 1992">
     <span class='ocr_line' id='line_1_12' title="bbox 167 1587 1317 1676; baseline 0.001 -21"><span class='ocrx_word' id='word_1_101' title='bbox 167 1587 241 1656; x_wconf 88' lang='lat' dir='ltr'><strong>dine</strong></span> <span class='ocrx_word' id='word_1_102' title='bbox 264 1595 295 1656; x_wconf 88' lang='lat' dir='ltr'><strong>et</strong></span> <span class='ocrx_word' id='word_1_103' title='bbox 318 1592 388 1658; x_wconf 90' lang='lat' dir='ltr'><strong>cibo</strong></span> <span class='ocrx_word' id='word_1_104' title='bbox 411 1592 608 1660; x_wconf 85' lang='lat' dir='ltr'><strong>immundam</strong></span> <span class='ocrx_word' id='word_1_105' title='bbox 631 1591 757 1676; x_wconf 89' lang='lat' dir='ltr'><strong>exspui,</strong></span> <span class='ocrx_word' id='word_1_106' title='bbox 792 1613 857 1657; x_wconf 90' lang='lat' dir='ltr'><strong>non</strong></span> <span class='ocrx_word' id='word_1_107' title='bbox 883 1592 968 1657; x_wconf 91' lang='lat' dir='ltr'><strong>enim</strong></span> <span class='ocrx_word' id='word_1_108' title='bbox 990 1590 1058 1656; x_wconf 84' lang='lat' dir='ltr'><strong>ridi</strong></span> <span class='ocrx_word' id='word_1_109' title='bbox 1080 1592 1185 1657; x_wconf 90' lang='lat' dir='ltr'><strong>locum</strong></span> <span class='ocrx_word' id='word_1_110' title='bbox 1211 1590 1317 1656; x_wconf 91' lang='lat' dir='ltr'><strong>minus</strong></span> 
     </span>
     <span class='ocr_line' id='line_1_13' title="bbox 167 1693 1316 1788; baseline 0 -28"><span class='ocrx_word' id='word_1_111' title='bbox 167 1695 328 1788; x_wconf 85' lang='lat' dir='ltr'><strong>nitidum.¹</strong></span> <span class='ocrx_word' id='word_1_112' title='bbox 370 1695 459 1773; x_wconf 78' lang='lat' dir='ltr'><strong>Quod</strong></span> <span class='ocrx_word' id='word_1_113' title='bbox 494 1696 624 1763; x_wconf 88' lang='lat' dir='ltr'><strong>audiens</strong></span> <span class='ocrx_word' id='word_1_114' title='bbox 654 1717 711 1762; x_wconf 85' lang='lat' dir='ltr'><strong>rex</strong></span> <span class='ocrx_word' id='word_1_115' title='bbox 741 1700 949 1781; x_wconf 87' lang='lat' dir='ltr'><strong>compunctus</strong></span> <span class='ocrx_word' id='word_1_116' title='bbox 979 1698 1027 1760; x_wconf 89' lang='lat' dir='ltr'><strong>est</strong></span> <span class='ocrx_word' id='word_1_117' title='bbox 1056 1698 1088 1760; x_wconf 91' lang='lat' dir='ltr'><strong>et</strong></span> <span class='ocrx_word' id='word_1_118' title='bbox 1118 1693 1316 1762; x_wconf 88' lang='lat' dir='ltr'><strong>humiliatus.</strong></span> 
     </span>
     <span class='ocr_line' id='line_1_14' title="bbox 166 1798 1336 1900; baseline 0.002 -36"><span class='ocrx_word' id='word_1_119' title='bbox 166 1799 222 1864; x_wconf 93' lang='lat' dir='ltr'><strong>Illi</strong></span> <span class='ocrx_word' id='word_1_120' title='bbox 242 1821 334 1881; x_wconf 85' lang='lat' dir='ltr'><strong>vero,</strong></span> <span class='ocrx_word' id='word_1_121' title='bbox 368 1804 424 1888; x_wconf 92' lang='lat' dir='ltr'><strong>qui</strong></span> <span class='ocrx_word' id='word_1_122' title='bbox 458 1823 492 1867; x_wconf 79' lang='lat' dir='ltr'><strong>se</strong></span> <span class='ocrx_word' id='word_1_123' title='bbox 523 1802 673 1867; x_wconf 89' lang='lat' dir='ltr'><strong>decorant</strong></span> <span class='ocrx_word' id='word_1_124' title='bbox 701 1805 734 1866; x_wconf 93' lang='lat' dir='ltr'><strong>et</strong></span> <span class='ocrx_word' id='word_1_125' title='bbox 762 1805 880 1867; x_wconf 89' lang='lat' dir='ltr'><strong>ornant</strong></span> <span class='ocrx_word' id='word_1_126' title='bbox 903 1823 942 1866; x_wconf 85' lang='lat' dir='ltr'><strong>ex</strong></span> <span class='ocrx_word' id='word_1_127' title='bbox 964 1821 1041 1865; x_wconf 89' lang='lat' dir='ltr'><strong>auro</strong></span> <span class='ocrx_word' id='word_1_128' title='bbox 1062 1798 1114 1864; x_wconf 84' lang='lat' dir='ltr'><strong>rel</strong></span> <span class='ocrx_word' id='word_1_129' title='bbox 1135 1799 1198 1864; x_wconf 92' lang='lat' dir='ltr'><strong>alio</strong></span> <span class='ocrx_word' id='word_1_130' title='bbox 1221 1820 1336 1900; x_wconf 40' lang='lat' dir='ltr'><strong>orna--</strong></span> 
     </span>
     <span class='ocr_line' id='line_1_15' title="bbox 166 1904 1318 1992; baseline 0.001 -23"><span class='ocrx_word' id='word_1_131' title='bbox 166 1909 283 1985; x_wconf 88' lang='lat' dir='ltr'><strong>mento,</strong></span> <span class='ocrx_word' id='word_1_132' title='bbox 307 1907 371 1972; x_wconf 89' lang='lat' dir='ltr'><strong>cito</strong></span> <span class='ocrx_word' id='word_1_133' title='bbox 393 1905 621 1992; x_wconf 86' lang='lat' dir='ltr'><strong>exspoliantur.</strong></span> <span class='ocrx_word' id='word_1_134' title='bbox 667 1904 767 1970; x_wconf 90' lang='lat' dir='ltr'><strong>Prout</strong></span> <span class='ocrx_word' id='word_1_135' title='bbox 788 1904 887 1972; x_wconf 88' lang='lat' dir='ltr'><strong>refert</strong></span> <span class='ocrx_word' id='word_1_136' title='bbox 909 1905 1043 1990; x_wconf 76' lang='lat' dir='ltr'><strong>Esopus,</strong></span> <span class='ocrx_word' id='word_1_137' title='bbox 1067 1905 1151 1990; x_wconf 87' lang='lat' dir='ltr'><strong>quod</strong></span> <span class='ocrx_word' id='word_1_138' title='bbox 1173 1905 1318 1989; x_wconf 87' lang='lat' dir='ltr'><strong>quaedarn</strong></span> 
     </span>
    </p>

    <p class='ocr_par' dir='ltr' id='par_1_5' title="bbox 127 2009 1319 2516">
     <span class='ocr_line' id='line_1_16' title="bbox 127 2009 1318 2098; baseline 0 -22"><span class='ocrx_word' id='word_1_139' title='bbox 127 2027 153 2066; x_wconf 75' lang='lat'><strong>1⁵</strong></span> <span class='ocrx_word' id='word_1_140' title='bbox 167 2010 276 2076; x_wconf 85' lang='lat' dir='ltr'><strong>cornix</strong></span> <span class='ocrx_word' id='word_1_141' title='bbox 299 2009 450 2076; x_wconf 89' lang='lat' dir='ltr'><strong>deformis</strong></span> <span class='ocrx_word' id='word_1_142' title='bbox 474 2015 506 2077; x_wconf 89' lang='lat' dir='ltr'><strong>et</strong></span> <span class='ocrx_word' id='word_1_143' title='bbox 529 2011 641 2098; x_wconf 78' lang='lat' dir='ltr'><strong>nigra,</strong></span> <span class='ocrx_word' id='word_1_144' title='bbox 671 2010 812 2095; x_wconf 82' lang='lat' dir='ltr'><strong>perrexit</strong></span> <span class='ocrx_word' id='word_1_145' title='bbox 835 2011 874 2076; x_wconf 89' lang='lat' dir='ltr'><strong>ad</strong></span> <span class='ocrx_word' id='word_1_146' title='bbox 897 2011 1044 2094; x_wconf 86' lang='lat' dir='ltr'><strong>nuptias,</strong></span> <span class='ocrx_word' id='word_1_147' title='bbox 1067 2009 1122 2076; x_wconf 90' lang='lat' dir='ltr'><strong>sed</strong></span> <span class='ocrx_word' id='word_1_148' title='bbox 1145 2013 1318 2094; x_wconf 88' lang='lat' dir='ltr'><strong>antequam</strong></span> 
     </span>
     <span class='ocr_line' id='line_1_17' title="bbox 166 2115 1319 2202; baseline -0.001 -21"><span class='ocrx_word' id='word_1_149' title='bbox 166 2115 207 2181; x_wconf 85' lang='lat' dir='ltr'><strong>ad</strong></span> <span class='ocrx_word' id='word_1_150' title='bbox 228 2117 356 2202; x_wconf 90' lang='lat' dir='ltr'><strong>nuptias</strong></span> <span class='ocrx_word' id='word_1_151' title='bbox 379 2117 531 2197; x_wconf 87' lang='lat' dir='ltr'><strong>intraret,</strong></span> <span class='ocrx_word' id='word_1_152' title='bbox 563 2138 583 2182; x_wconf 91' lang='lat' dir='ltr'><strong>a</strong></span> <span class='ocrx_word' id='word_1_153' title='bbox 606 2115 748 2202; x_wconf 90' lang='lat' dir='ltr'><strong>qualibet</strong></span> <span class='ocrx_word' id='word_1_154' title='bbox 778 2137 834 2182; x_wconf 84' lang='lat' dir='ltr'><strong>ave</strong></span> <span class='ocrx_word' id='word_1_155' title='bbox 857 2116 978 2201; x_wconf 86' lang='lat' dir='ltr'><strong>accepit</strong></span> <span class='ocrx_word' id='word_1_156' title='bbox 1000 2116 1143 2202; x_wconf 89' lang='lat' dir='ltr'><strong>plumam</strong></span> <span class='ocrx_word' id='word_1_157' title='bbox 1165 2137 1262 2180; x_wconf 87' lang='lat' dir='ltr'><strong>unam</strong></span> <span class='ocrx_word' id='word_1_158' title='bbox 1285 2117 1319 2181; x_wconf 89' lang='lat' dir='ltr'><strong>et</strong></span> 
     </span>
     <span class='ocr_line' id='line_1_18' title="bbox 167 2219 1315 2306; baseline 0.001 -22"><span class='ocrx_word' id='word_1_159' title='bbox 167 2221 293 2286; x_wconf 83' lang='lat' dir='ltr'><strong>ornavit</strong></span> <span class='ocrx_word' id='word_1_160' title='bbox 315 2243 356 2288; x_wconf 88' lang='lat' dir='ltr'><strong>se.</strong></span> <span class='ocrx_word' id='word_1_161' title='bbox 400 2221 479 2287; x_wconf 79' lang='lat' dir='ltr'><strong>Erat</strong></span> <span class='ocrx_word' id='word_1_162' title='bbox 509 2222 617 2306; x_wconf 91' lang='lat' dir='ltr'><strong>itaque</strong></span> <span class='ocrx_word' id='word_1_163' title='bbox 649 2219 783 2305; x_wconf 88' lang='lat' dir='ltr'><strong>pulchra</strong></span> <span class='ocrx_word' id='word_1_164' title='bbox 812 2221 903 2289; x_wconf 82' lang='lat' dir='ltr'><strong>valde</strong></span> <span class='ocrx_word' id='word_1_165' title='bbox 924 2242 989 2285; x_wconf 92' lang='lat' dir='ltr'><strong>non</strong></span> <span class='ocrx_word' id='word_1_166' title='bbox 1012 2224 1138 2300; x_wconf 87' lang='lat' dir='ltr'><strong>natura,</strong></span> <span class='ocrx_word' id='word_1_167' title='bbox 1161 2220 1215 2285; x_wconf 89' lang='lat' dir='ltr'><strong>sed</strong></span> <span class='ocrx_word' id='word_1_168' title='bbox 1238 2223 1315 2286; x_wconf 88' lang='lat' dir='ltr'><strong>arte.</strong></span> 
     </span>
     <span class='ocr_line' id='line_1_19' title="bbox 166 2324 1316 2410; baseline 0.001 -21"><span class='ocrx_word' id='word_1_169' title='bbox 166 2324 209 2390; x_wconf 86' lang='lat' dir='ltr'><strong>Et</strong></span> <span class='ocrx_word' id='word_1_170' title='bbox 231 2325 306 2391; x_wconf 90' lang='lat' dir='ltr'><strong>dum</strong></span> <span class='ocrx_word' id='word_1_171' title='bbox 328 2326 465 2392; x_wconf 74' lang='lat' dir='ltr'><strong>intranei</strong></span> <span class='ocrx_word' id='word_1_172' title='bbox 486 2326 614 2392; x_wconf 91' lang='lat' dir='ltr'><strong>domum</strong></span> <span class='ocrx_word' id='word_1_173' title='bbox 637 2327 841 2410; x_wconf 80' lang='lat' dir='ltr'><strong>nuptiarum,</strong></span> <span class='ocrx_word' id='word_1_174' title='bbox 869 2326 1069 2391; x_wconf 80' lang='lat' dir='ltr'><strong>mirabantur</strong></span> <span class='ocrx_word' id='word_1_175' title='bbox 1091 2327 1212 2390; x_wconf 79' lang='lat' dir='ltr'><strong>eseterae</strong></span> <span class='ocrx_word' id='word_1_176' title='bbox 1234 2345 1316 2406; x_wconf 85' lang='lat' dir='ltr'><strong>ares,</strong></span> 
     </span>
     <span class='ocr_line' id='line_1_20' title="bbox 168 2428 1318 2516; baseline 0.001 -21"><span class='ocrx_word' id='word_1_177' title='bbox 168 2450 237 2514; x_wconf 82' lang='lat' dir='ltr'><strong>quae</strong></span> <span class='ocrx_word' id='word_1_178' title='bbox 259 2430 326 2496; x_wconf 91' lang='lat' dir='ltr'><strong>illic</strong></span> <span class='ocrx_word' id='word_1_179' title='bbox 351 2435 576 2511; x_wconf 87' lang='lat' dir='ltr'><strong>convenerunt,</strong></span> <span class='ocrx_word' id='word_1_180' title='bbox 600 2430 873 2516; x_wconf 89' lang='lat' dir='ltr'><strong>pulchritudinem</strong></span> <span class='ocrx_word' id='word_1_181' title='bbox 888 2430 984 2495; x_wconf 89' lang='lat' dir='ltr'><strong>illius.</strong></span> <span class='ocrx_word' id='word_1_182' title='bbox 1029 2428 1196 2495; x_wconf 86' lang='lat' dir='ltr'><strong>Venerunt</strong></span> <span class='ocrx_word' id='word_1_183' title='bbox 1211 2431 1318 2497; x_wconf 87' lang='lat' dir='ltr'><strong>autem</strong></span> 
     </span>
    </p>

    <p class='ocr_par' dir='ltr' id='par_1_6' title="bbox 126 2533 1318 3041">
     <span class='ocr_line' id='line_1_21' title="bbox 126 2533 1318 2621; baseline -0.005 -17"><span class='ocrx_word' id='word_1_184' title='bbox 126 2565 153 2604; x_wconf 82' lang='lat' dir='ltr'><strong>ro</strong></span> <span class='ocrx_word' id='word_1_185' title='bbox 167 2555 239 2598; x_wconf 88' lang='lat' dir='ltr'><strong>aves</strong></span> <span class='ocrx_word' id='word_1_186' title='bbox 261 2534 342 2614; x_wconf 83' lang='lat' dir='ltr'><strong>illae,</strong></span> <span class='ocrx_word' id='word_1_187' title='bbox 374 2556 508 2619; x_wconf 88' lang='lat' dir='ltr'><strong>quarum</strong></span> <span class='ocrx_word' id='word_1_188' title='bbox 536 2535 662 2621; x_wconf 88' lang='lat' dir='ltr'><strong>plumas</strong></span> <span class='ocrx_word' id='word_1_189' title='bbox 684 2535 791 2600; x_wconf 86' lang='lat' dir='ltr'><strong>furata</strong></span> <span class='ocrx_word' id='word_1_190' title='bbox 812 2539 890 2616; x_wconf 91' lang='lat' dir='ltr'><strong>erat,</strong></span> <span class='ocrx_word' id='word_1_191' title='bbox 916 2538 948 2600; x_wconf 88' lang='lat' dir='ltr'><strong>et</strong></span> <span class='ocrx_word' id='word_1_192' title='bbox 970 2538 1159 2619; x_wconf 86' lang='lat' dir='ltr'><strong>acceperunt</strong></span> <span class='ocrx_word' id='word_1_193' title='bbox 1180 2533 1318 2620; x_wconf 79' lang='lat' dir='ltr'><strong>singulas</strong></span> 
     </span>
     <span class='ocr_line' id='line_1_22' title="bbox 166 2637 1318 2726; baseline 0.001 -23"><span class='ocrx_word' id='word_1_194' title='bbox 166 2639 290 2722; x_wconf 89' lang='lat' dir='ltr'><strong>plumas</strong></span> <span class='ocrx_word' id='word_1_195' title='bbox 313 2645 440 2706; x_wconf 86' lang='lat' dir='ltr'><strong>suaset</strong></span> <span class='ocrx_word' id='word_1_196' title='bbox 463 2642 509 2706; x_wconf 90' lang='lat' dir='ltr'><strong>sic</strong></span> <span class='ocrx_word' id='word_1_197' title='bbox 532 2640 642 2707; x_wconf 86' lang='lat' dir='ltr'><strong>cornix</strong></span> <span class='ocrx_word' id='word_1_198' title='bbox 664 2640 819 2706; x_wconf 90' lang='lat' dir='ltr'><strong>remansit</strong></span> <span class='ocrx_word' id='word_1_199' title='bbox 830 2640 924 2726; x_wconf 81' lang='lat' dir='ltr'><strong>nigra</strong></span> <span class='ocrx_word' id='word_1_200' title='bbox 945 2644 978 2705; x_wconf 90' lang='lat' dir='ltr'><strong>et</strong></span> <span class='ocrx_word' id='word_1_201' title='bbox 993 2637 1142 2705; x_wconf 88' lang='lat' dir='ltr'><strong>deformis</strong></span> <span class='ocrx_word' id='word_1_202' title='bbox 1166 2643 1203 2704; x_wconf 88' lang='lat' dir='ltr'><strong>ut</strong></span> <span class='ocrx_word' id='word_1_203' title='bbox 1217 2639 1318 2724; x_wconf 87' lang='lat' dir='ltr'><strong>prius,</strong></span> 
     </span>
     <span class='ocr_line' id='line_1_23' title="bbox 166 2743 1317 2832; baseline 0.002 -24"><span class='ocrx_word' id='word_1_204' title='bbox 166 2743 299 2817; x_wconf 79' lang='lat' dir='ltr'><strong>Accidit,</strong></span> <span class='ocrx_word' id='word_1_205' title='bbox 313 2743 453 2825; x_wconf 87' lang='lat' dir='ltr'><strong>Parisiis,</strong></span> <span class='ocrx_word' id='word_1_206' title='bbox 478 2745 512 2810; x_wconf 92' lang='lat' dir='ltr'><strong>in</strong></span> <span class='ocrx_word' id='word_1_207' title='bbox 535 2745 676 2832; x_wconf 83' lang='lat' dir='ltr'><strong>generali</strong></span> <span class='ocrx_word' id='word_1_208' title='bbox 699 2745 918 2830; x_wconf 89' lang='lat' dir='ltr'><strong>processione,</strong></span> <span class='ocrx_word' id='word_1_209' title='bbox 950 2744 1034 2829; x_wconf 91' lang='lat' dir='ltr'><strong>quod</strong></span> <span class='ocrx_word' id='word_1_210' title='bbox 1057 2744 1201 2829; x_wconf 72' lang='lat' dir='ltr'><strong>quadam</strong></span> <span class='ocrx_word' id='word_1_211' title='bbox 1223 2744 1317 2810; x_wconf 89' lang='lat' dir='ltr'><strong>simia</strong></span> 
     </span>
     <span class='ocr_line' id='line_1_24' title="bbox 167 2847 1316 2935; baseline -0.006 -15"><span class='ocrx_word' id='word_1_212' title='bbox 167 2849 329 2935; x_wconf 79' lang='lat' dir='ltr'><strong>eujusdam</strong></span> <span class='ocrx_word' id='word_1_213' title='bbox 351 2850 486 2917; x_wconf 83' lang='lat' dir='ltr'><strong>dominae</strong></span> <span class='ocrx_word' id='word_1_214' title='bbox 508 2851 622 2917; x_wconf 82' lang='lat' dir='ltr'><strong>trecies</strong></span> <span class='ocrx_word' id='word_1_215' title='bbox 645 2850 759 2918; x_wconf 89' lang='lat' dir='ltr'><strong>alicnis</strong></span> <span class='ocrx_word' id='word_1_216' title='bbox 782 2851 934 2930; x_wconf 82' lang='lat' dir='ltr'><strong>crinibus,</strong></span> <span class='ocrx_word' id='word_1_217' title='bbox 957 2871 1035 2935; x_wconf 85' lang='lat' dir='ltr'><strong>quas</strong></span> <span class='ocrx_word' id='word_1_218' title='bbox 1055 2847 1238 2929; x_wconf 86' lang='lat' dir='ltr'><strong>deferebat,</strong></span> <span class='ocrx_word' id='word_1_219' title='bbox 1262 2870 1316 2914; x_wconf 95' lang='lat' dir='ltr'><strong>co-</strong></span> 
     </span>
     <span class='ocr_line' id='line_1_25' title="bbox 166 2954 1316 3041; baseline 0.002 -23"><span class='ocrx_word' id='word_1_220' title='bbox 166 2974 236 3018; x_wconf 90' lang='lat' dir='ltr'><strong>ram</strong></span> <span class='ocrx_word' id='word_1_221' title='bbox 258 2955 345 3020; x_wconf 91' lang='lat' dir='ltr'><strong>omni</strong></span> <span class='ocrx_word' id='word_1_222' title='bbox 368 2957 485 3040; x_wconf 92' lang='lat' dir='ltr'><strong>populo</strong></span> <span class='ocrx_word' id='word_1_223' title='bbox 507 2957 679 3036; x_wconf 77' lang='lat' dir='ltr'><strong>abstraxit,</strong></span> <span class='ocrx_word' id='word_1_224' title='bbox 709 2959 742 3022; x_wconf 87' lang='lat' dir='ltr'><strong>et</strong></span> <span class='ocrx_word' id='word_1_225' title='bbox 772 2957 876 3041; x_wconf 90' lang='lat' dir='ltr'><strong>turpis</strong></span> <span class='ocrx_word' id='word_1_226' title='bbox 906 2977 943 3022; x_wconf 89' lang='lat' dir='ltr'><strong>ac</strong></span> <span class='ocrx_word' id='word_1_227' title='bbox 974 2954 1164 3040; x_wconf 75' lang='lat' dir='ltr'><strong>decapitiata</strong></span> <span class='ocrx_word' id='word_1_228' title='bbox 1185 2956 1225 3022; x_wconf 89' lang='lat' dir='ltr'><strong>ad</strong></span> <span class='ocrx_word' id='word_1_229' title='bbox 1247 2977 1316 3021; x_wconf 91' lang='lat' dir='ltr'><strong>mo-</strong></span> 
     </span>
    </p>

    <p class='ocr_par' dir='ltr' id='par_1_7' title="bbox 127 3058 1316 3233">
     <span class='ocr_line' id='line_1_26' title="bbox 127 3058 1316 3148; baseline -0.004 -19"><span class='ocrx_word' id='word_1_230' title='bbox 127 3087 153 3129; x_wconf 78' lang='lat' dir='ltr'><strong>cs</strong></span> <span class='ocrx_word' id='word_1_231' title='bbox 167 3059 242 3124; x_wconf 87' lang='lat' dir='ltr'><strong>dum</strong></span> <span class='ocrx_word' id='word_1_232' title='bbox 265 3060 398 3128; x_wconf 88' lang='lat' dir='ltr'><strong>cornicis</strong></span> <span class='ocrx_word' id='word_1_233' title='bbox 420 3062 570 3148; x_wconf 87' lang='lat' dir='ltr'><strong>depositis</strong></span> <span class='ocrx_word' id='word_1_234' title='bbox 593 3061 705 3128; x_wconf 87' lang='lat' dir='ltr'><strong>alienis</strong></span> <span class='ocrx_word' id='word_1_235' title='bbox 727 3061 845 3148; x_wconf 90' lang='lat' dir='ltr'><strong>plumis</strong></span> <span class='ocrx_word' id='word_1_236' title='bbox 868 3063 1040 3143; x_wconf 85' lang='lat' dir='ltr'><strong>remansit,</strong></span> <span class='ocrx_word' id='word_1_237' title='bbox 1063 3063 1096 3126; x_wconf 94' lang='lat' dir='ltr'><strong>et</strong></span> <span class='ocrx_word' id='word_1_238' title='bbox 1113 3058 1233 3145; x_wconf 90' lang='lat' dir='ltr'><strong>judicio</strong></span> <span class='ocrx_word' id='word_1_239' title='bbox 1255 3059 1316 3126; x_wconf 90' lang='lat' dir='ltr'><strong>Dei</strong></span> 
     </span>
     <span class='ocr_line' id='line_1_27' title="bbox 167 3163 374 3233; baseline 0.024 -5"><span class='ocrx_word' id='word_1_240' title='bbox 167 3163 227 3229; x_wconf 91' lang='lat' dir='ltr'><strong>hoc</strong></span> <span class='ocrx_word' id='word_1_241' title='bbox 249 3165 374 3233; x_wconf 86' lang='lat' dir='ltr'><strong>eccidit.</strong></span> 
     </span>
    </p>
   </div>
   <div class='ocr_carea' id='block_1_5' title="bbox 428 3338 1063 3428">
    <p class='ocr_par' dir='ltr' id='par_1_8' title="bbox 428 3338 1063 3428">
     <span class='ocr_line' id='line_1_28' title="bbox 428 3338 1063 3428; baseline -0.003 -22"><span class='ocrx_word' id='word_1_242' title='bbox 428 3339 484 3406; x_wconf 91' lang='lat' dir='ltr'><strong>De</strong></span> <span class='ocrx_word' id='word_1_243' title='bbox 505 3340 674 3408; x_wconf 84' lang='lat' dir='ltr'><strong>falcone</strong></span> <span class='ocrx_word' id='word_1_244' title='bbox 696 3345 735 3407; x_wconf 91' lang='lat' dir='ltr'><strong>et</strong></span> <span class='ocrx_word' id='word_1_245' title='bbox 756 3338 891 3428; x_wconf 81' lang='lat' dir='ltr'><strong>gallo,</strong></span> <span class='ocrx_word' id='word_1_246' title='bbox 914 3339 988 3406; x_wconf 85' lang='lat' dir='ltr'><strong>dial.</strong></span> <span class='ocrx_word' id='word_1_247' title='bbox 1012 3341 1063 3404; x_wconf 79' lang='lat'><strong>55.</strong></span> 
     </span>
    </p>
   </div>
   <div class='ocr_carea' id='block_1_6' title="bbox 129 3476 1343 4518">
    <p class='ocr_par' dir='ltr' id='par_1_9' title="bbox 129 3476 1343 4518">
     <span class='ocr_line' id='line_1_29' title="bbox 253 3476 1317 3569; baseline -0.006 -22"><span class='ocrx_word' id='word_1_248' title='bbox 253 3481 423 3550; x_wconf 84' lang='lat' dir='ltr'><strong>Falconem</strong></span> <span class='ocrx_word' id='word_1_249' title='bbox 445 3485 573 3569; x_wconf 89' lang='lat' dir='ltr'><strong>quidam</strong></span> <span class='ocrx_word' id='word_1_250' title='bbox 595 3484 687 3550; x_wconf 90' lang='lat' dir='ltr'><strong>miles</strong></span> <span class='ocrx_word' id='word_1_251' title='bbox 710 3484 864 3563; x_wconf 88' lang='lat' dir='ltr'><strong>babebat,</strong></span> <span class='ocrx_word' id='word_1_252' title='bbox 886 3504 958 3549; x_wconf 90' lang='lat' dir='ltr'><strong>cum</strong></span> <span class='ocrx_word' id='word_1_253' title='bbox 981 3500 1044 3566; x_wconf 89' lang='lat' dir='ltr'><strong>quo</strong></span> <span class='ocrx_word' id='word_1_254' title='bbox 1066 3476 1240 3563; x_wconf 89' lang='lat' dir='ltr'><strong>plurimum</strong></span> <span class='ocrx_word' id='word_1_255' title='bbox 1262 3477 1317 3542; x_wconf 74' lang='lat' dir='ltr'><strong>lte-</strong></span> 
     </span>
     <span class='ocr_line' id='line_1_30' title="bbox 167 3583 1317 3674; baseline -0.003 -25"><span class='ocrx_word' id='word_1_256' title='bbox 167 3583 305 3666; x_wconf 87' lang='lat' dir='ltr'><strong>tabatur,</strong></span> <span class='ocrx_word' id='word_1_257' title='bbox 328 3595 422 3672; x_wconf 89' lang='lat' dir='ltr'><strong>quem</strong></span> <span class='ocrx_word' id='word_1_258' title='bbox 444 3609 566 3673; x_wconf 88' lang='lat' dir='ltr'><strong>semper</strong></span> <span class='ocrx_word' id='word_1_259' title='bbox 587 3611 682 3674; x_wconf 87' lang='lat' dir='ltr'><strong>super</strong></span> <span class='ocrx_word' id='word_1_260' title='bbox 704 3590 894 3656; x_wconf 85' lang='lat' dir='ltr'><strong>cirothecam</strong></span> <span class='ocrx_word' id='word_1_261' title='bbox 917 3590 1046 3674; x_wconf 85' lang='lat' dir='ltr'><strong>gestans</strong></span> <span class='ocrx_word' id='word_1_262' title='bbox 1070 3583 1234 3668; x_wconf 88' lang='lat' dir='ltr'><strong>splendide</strong></span> <span class='ocrx_word' id='word_1_263' title='bbox 1257 3603 1317 3647; x_wconf 92' lang='lat' dir='ltr'><strong>nu·</strong></span> 
     </span>
     <span class='ocr_line' id='line_1_31' title="bbox 129 3687 1317 3768; baseline -0.006 -10"><span class='ocrx_word' id='word_1_264' title='bbox 129 3719 154 3758; x_wconf 81' lang='lat' dir='ltr'><strong>so</strong></span> <span class='ocrx_word' id='word_1_265' title='bbox 167 3689 294 3758; x_wconf 84' lang='lat' dir='ltr'><strong>tricbat.</strong></span> <span class='ocrx_word' id='word_1_266' title='bbox 340 3689 481 3767; x_wconf 79' lang='lat' dir='ltr'><strong>Quadam</strong></span> <span class='ocrx_word' id='word_1_267' title='bbox 503 3697 610 3760; x_wconf 84' lang='lat' dir='ltr'><strong>eutem</strong></span> <span class='ocrx_word' id='word_1_268' title='bbox 631 3697 700 3762; x_wconf 84' lang='lat' dir='ltr'><strong>vice</strong></span> <span class='ocrx_word' id='word_1_269' title='bbox 721 3696 813 3762; x_wconf 88' lang='lat' dir='ltr'><strong>miles</strong></span> <span class='ocrx_word' id='word_1_270' title='bbox 835 3693 994 3759; x_wconf 86' lang='lat' dir='ltr'><strong>falconem</strong></span> <span class='ocrx_word' id='word_1_271' title='bbox 1016 3689 1051 3755; x_wconf 93' lang='lat' dir='ltr'><strong>in</strong></span> <span class='ocrx_word' id='word_1_272' title='bbox 1064 3693 1168 3755; x_wconf 74' lang='lat' dir='ltr'><strong>adrem</strong></span> <span class='ocrx_word' id='word_1_273' title='bbox 1190 3687 1317 3768; x_wconf 86' lang='lat' dir='ltr'><strong>direxit,</strong></span> 
     </span>
     <span class='ocr_line' id='line_1_32' title="bbox 167 3793 1318 3885; baseline -0.003 -23"><span class='ocrx_word' id='word_1_274' title='bbox 167 3796 297 3880; x_wconf 89' lang='lat' dir='ltr'><strong>cupiens</strong></span> <span class='ocrx_word' id='word_1_275' title='bbox 330 3796 435 3880; x_wconf 85' lang='lat' dir='ltr'><strong>ipsum</strong></span> <span class='ocrx_word' id='word_1_276' title='bbox 468 3799 507 3864; x_wconf 90' lang='lat' dir='ltr'><strong>ad</strong></span> <span class='ocrx_word' id='word_1_277' title='bbox 542 3821 671 3866; x_wconf 87' lang='lat' dir='ltr'><strong>manum</strong></span> <span class='ocrx_word' id='word_1_278' title='bbox 706 3801 842 3868; x_wconf 85' lang='lat' dir='ltr'><strong>clamare</strong></span> <span class='ocrx_word' id='word_1_279' title='bbox 872 3803 946 3885; x_wconf 87' lang='lat' dir='ltr'><strong>post</strong></span> <span class='ocrx_word' id='word_1_280' title='bbox 976 3818 1047 3863; x_wconf 90' lang='lat' dir='ltr'><strong>sum</strong></span> <span class='ocrx_word' id='word_1_281' title='bbox 1077 3793 1246 3873; x_wconf 90' lang='lat' dir='ltr'><strong>sibilabat,</strong></span> <span class='ocrx_word' id='word_1_282' title='bbox 1281 3797 1318 3858; x_wconf 90' lang='lat' dir='ltr'><strong>ut</strong></span> 
     </span>
     <span class='ocr_line' id='line_1_33' title="bbox 167 3897 1316 3982; baseline -0.003 -17"><span class='ocrx_word' id='word_1_283' title='bbox 167 3899 299 3982; x_wconf 86' lang='lat' dir='ltr'><strong>rediret,</strong></span> <span class='ocrx_word' id='word_1_284' title='bbox 328 3901 410 3967; x_wconf 86' lang='lat' dir='ltr'><strong>falco</strong></span> <span class='ocrx_word' id='word_1_285' title='bbox 432 3906 537 3969; x_wconf 90' lang='lat' dir='ltr'><strong>autem</strong></span> <span class='ocrx_word' id='word_1_286' title='bbox 562 3905 747 3972; x_wconf 87' lang='lat' dir='ltr'><strong>descendere</strong></span> <span class='ocrx_word' id='word_1_287' title='bbox 769 3927 834 3971; x_wconf 91' lang='lat' dir='ltr'><strong>non</strong></span> <span class='ocrx_word' id='word_1_288' title='bbox 857 3903 984 3969; x_wconf 85' lang='lat' dir='ltr'><strong>volebat</strong></span> <span class='ocrx_word' id='word_1_289' title='bbox 1007 3902 1042 3966; x_wconf 90' lang='lat' dir='ltr'><strong>in</strong></span> <span class='ocrx_word' id='word_1_290' title='bbox 1064 3903 1192 3964; x_wconf 87' lang='lat' dir='ltr'><strong>terram.</strong></span> <span class='ocrx_word' id='word_1_291' title='bbox 1240 3897 1316 3963; x_wconf 81' lang='lat' dir='ltr'><strong>Gal-</strong></span> 
     </span>
     <span class='ocr_line' id='line_1_34' title="bbox 166 4003 1317 4096; baseline -0.003 -26"><span class='ocrx_word' id='word_1_292' title='bbox 166 4005 217 4071; x_wconf 92' lang='lat' dir='ltr'><strong>lus</strong></span> <span class='ocrx_word' id='word_1_293' title='bbox 246 4005 305 4072; x_wconf 89' lang='lat' dir='ltr'><strong>hoc</strong></span> <span class='ocrx_word' id='word_1_294' title='bbox 336 4006 445 4072; x_wconf 87' lang='lat' dir='ltr'><strong>videns</strong></span> <span class='ocrx_word' id='word_1_295' title='bbox 475 4031 508 4074; x_wconf 88' lang='lat' dir='ltr'><strong>se</strong></span> <span class='ocrx_word' id='word_1_296' title='bbox 536 4009 708 4077; x_wconf 84' lang='lat' dir='ltr'><strong>sublimare</strong></span> <span class='ocrx_word' id='word_1_297' title='bbox 738 4012 835 4096; x_wconf 91' lang='lat' dir='ltr'><strong>coepit</strong></span> <span class='ocrx_word' id='word_1_298' title='bbox 864 4009 987 4075; x_wconf 85' lang='lat' dir='ltr'><strong>dicens:</strong></span> <span class='ocrx_word' id='word_1_299' title='bbox 1021 4005 1117 4071; x_wconf 89' lang='lat' dir='ltr'><strong>miser</strong></span> <span class='ocrx_word' id='word_1_300' title='bbox 1148 4023 1208 4091; x_wconf 85' lang='lat' dir='ltr'><strong>ego</strong></span> <span class='ocrx_word' id='word_1_301' title='bbox 1240 4003 1317 4088; x_wconf 91' lang='lat' dir='ltr'><strong>quid</strong></span> 
     </span>
     <span class='ocr_line' id='line_1_35' title="bbox 167 4108 1316 4199; baseline -0.003 -24"><span class='ocrx_word' id='word_1_302' title='bbox 167 4111 249 4177; x_wconf 85' lang='lat' dir='ltr'><strong>facio</strong></span> <span class='ocrx_word' id='word_1_303' title='bbox 271 4133 393 4197; x_wconf 88' lang='lat' dir='ltr'><strong>semper</strong></span> <span class='ocrx_word' id='word_1_304' title='bbox 416 4114 554 4199; x_wconf 86' lang='lat' dir='ltr'><strong>turpiter</strong></span> <span class='ocrx_word' id='word_1_305' title='bbox 574 4114 609 4180; x_wconf 89' lang='lat' dir='ltr'><strong>in</strong></span> <span class='ocrx_word' id='word_1_306' title='bbox 632 4116 729 4182; x_wconf 91' lang='lat' dir='ltr'><strong>humo</strong></span> <span class='ocrx_word' id='word_1_307' title='bbox 752 4119 785 4181; x_wconf 88' lang='lat' dir='ltr'><strong>et</strong></span> <span class='ocrx_word' id='word_1_308' title='bbox 806 4116 876 4181; x_wconf 88' lang='lat' dir='ltr'><strong>luto</strong></span> <span class='ocrx_word' id='word_1_309' title='bbox 898 4113 996 4199; x_wconf 78' lang='lat' dir='ltr'><strong>pico?</strong></span> <span class='ocrx_word' id='word_1_310' title='bbox 1018 4109 1137 4177; x_wconf 87' lang='lat' dir='ltr'><strong>Nonne</strong></span> <span class='ocrx_word' id='word_1_311' title='bbox 1158 4129 1229 4174; x_wconf 88' lang='lat' dir='ltr'><strong>sum</strong></span> <span class='ocrx_word' id='word_1_312' title='bbox 1244 4108 1316 4192; x_wconf 92' lang='lat' dir='ltr'><strong>pul·</strong></span> 
     </span>
     <span class='ocr_line' id='line_1_36' title="bbox 129 4212 1343 4305; baseline -0.004 -23"><span class='ocrx_word' id='word_1_313' title='bbox 129 4241 154 4282; x_wconf 78' lang='lat' dir='ltr'><strong>a</strong></span> <span class='ocrx_word' id='word_1_314' title='bbox 168 4217 241 4283; x_wconf 87' lang='lat' dir='ltr'><strong>cher</strong></span> <span class='ocrx_word' id='word_1_315' title='bbox 263 4222 296 4284; x_wconf 93' lang='lat' dir='ltr'><strong>et</strong></span> <span class='ocrx_word' id='word_1_316' title='bbox 317 4239 452 4305; x_wconf 81' lang='lat' dir='ltr'><strong>magnus</strong></span> <span class='ocrx_word' id='word_1_317' title='bbox 474 4224 512 4285; x_wconf 91' lang='lat' dir='ltr'><strong>ut</strong></span> <span class='ocrx_word' id='word_1_318' title='bbox 533 4218 639 4284; x_wconf 79' lang='lat' dir='ltr'><strong>falco?</strong></span> <span class='ocrx_word' id='word_1_319' title='bbox 669 4217 761 4285; x_wconf 75' lang='lat' dir='ltr'><strong>Certe</strong></span> <span class='ocrx_word' id='word_1_320' title='bbox 791 4240 886 4304; x_wconf 91' lang='lat' dir='ltr'><strong>super</strong></span> <span class='ocrx_word' id='word_1_321' title='bbox 916 4217 1108 4284; x_wconf 90' lang='lat' dir='ltr'><strong>cirothecam</strong></span> <span class='ocrx_word' id='word_1_322' title='bbox 1139 4213 1253 4279; x_wconf 82' lang='lat' dir='ltr'><strong>volabo</strong></span> <span class='ocrx_word' id='word_1_323' title='bbox 1285 4215 1318 4278; x_wconf 92' lang='lat' dir='ltr'><strong>et</strong></span> <span class='ocrx_word' id='word_1_324' title='bbox 1339 4212 1343 4222; x_wconf 90' lang='lat'>&#39;</span> 
     </span>
     <span class='ocr_line' id='line_1_37' title="bbox 167 4317 1313 4408; baseline -0.003 -22"><span class='ocrx_word' id='word_1_325' title='bbox 167 4322 205 4386; x_wconf 92' lang='lat' dir='ltr'><strong>de</strong></span> <span class='ocrx_word' id='word_1_326' title='bbox 227 4323 297 4388; x_wconf 92' lang='lat' dir='ltr'><strong>oibo</strong></span> <span class='ocrx_word' id='word_1_327' title='bbox 320 4322 441 4389; x_wconf 91' lang='lat' dir='ltr'><strong>domini</strong></span> <span class='ocrx_word' id='word_1_328' title='bbox 464 4325 525 4389; x_wconf 91' lang='lat' dir='ltr'><strong>mei</strong></span> <span class='ocrx_word' id='word_1_329' title='bbox 548 4323 717 4408; x_wconf 73' lang='lat' dir='ltr'><strong>epulabor!</strong></span> <span class='ocrx_word' id='word_1_330' title='bbox 741 4323 883 4408; x_wconf 77' lang='lat' dir='ltr'><strong>Cumque</strong></span> <span class='ocrx_word' id='word_1_331' title='bbox 904 4323 944 4387; x_wconf 85' lang='lat' dir='ltr'><strong>ad</strong></span> <span class='ocrx_word' id='word_1_332' title='bbox 960 4321 1150 4387; x_wconf 85' lang='lat' dir='ltr'><strong>cirothecam</strong></span> <span class='ocrx_word' id='word_1_333' title='bbox 1166 4317 1313 4397; x_wconf 89' lang='lat' dir='ltr'><strong>volasset,</strong></span> 
     </span>
     <span class='ocr_line' id='line_1_38' title="bbox 167 4425 1314 4518; baseline -0.002 -27"><span class='ocrx_word' id='word_1_334' title='bbox 167 4427 258 4492; x_wconf 89' lang='lat' dir='ltr'><strong>miles</strong></span> <span class='ocrx_word' id='word_1_335' title='bbox 282 4427 436 4496; x_wconf 88' lang='lat' dir='ltr'><strong>sollicitus</strong></span> <span class='ocrx_word' id='word_1_336' title='bbox 459 4431 497 4496; x_wconf 90' lang='lat' dir='ltr'><strong>de</strong></span> <span class='ocrx_word' id='word_1_337' title='bbox 519 4430 642 4497; x_wconf 87' lang='lat' dir='ltr'><strong>falcone</strong></span> <span class='ocrx_word' id='word_1_338' title='bbox 664 4431 793 4518; x_wconf 81' lang='lat' dir='ltr'><strong>gavisus</strong></span> <span class='ocrx_word' id='word_1_339' title='bbox 816 4434 865 4496; x_wconf 88' lang='lat' dir='ltr'><strong>est</strong></span> <span class='ocrx_word' id='word_1_340' title='bbox 887 4433 919 4496; x_wconf 87' lang='lat' dir='ltr'><strong>ct</strong></span> <span class='ocrx_word' id='word_1_341' title='bbox 932 4428 1055 4516; x_wconf 81' lang='lat' dir='ltr'><strong>gallum</strong></span> <span class='ocrx_word' id='word_1_342' title='bbox 1070 4425 1155 4512; x_wconf 91' lang='lat' dir='ltr'><strong>cepit</strong></span> <span class='ocrx_word' id='word_1_343' title='bbox 1170 4430 1202 4491; x_wconf 91' lang='lat' dir='ltr'><strong>et</strong></span> <span class='ocrx_word' id='word_1_344' title='bbox 1217 4446 1314 4509; x_wconf 87' lang='lat' dir='ltr'><strong>quam</strong></span> 
     </span>
    </p>
   </div>
   <div class='ocr_carea' id='block_1_7' title="bbox 0 0 1591 4962">
    <p class='ocr_par' dir='ltr' id='par_1_10' title="bbox 0 0 1591 4962">
     <span class='ocr_line' id='line_1_39' title="bbox 0 0 1591 4962; baseline 0 0"><span class='ocrx_word' id='word_1_345' title='bbox 0 0 1591 4962; x_wconf 95' lang='lat' dir='ltr'><strong> </strong></span> 
     </span>
    </p>
   </div>
  </div>
 </body>
</html>
