3058 4946
665 313 728 374 11⁷

108 483 232 552 Verum
253 489 305 550 est
328 483 419 550 istud
443 487 478 550 et
500 483 707 571 agnoscimus,
731 487 837 569 patres
860 485 1040 568 conscripti.
1071 481 1130 550 Sed
1153 505 1216 568 quo
1238 483 1271 550 id

111 591 246 658 consilio
269 590 420 656 fecistis?
465 589 541 656 Non
571 591 634 655 alio
666 594 767 668 certe,
803 612 898 674 quam
924 594 961 655 ut
983 590 1158 656 evelleretis
1180 589 1271 654 illam

108 697 280 762 homiuum
303 697 343 762 de
365 695 457 760 vobis
473 695 665 780 opinionem,
689 694 952 774 existimantium,
973 695 1200 779 impedimenta
1214 715 1271 778 per

112 823 166 866 vos
189 801 280 884 injici
304 803 470 885 perpetuo.
517 797 657 884 Cumque
678 820 742 863 non
766 799 968 883 ignoraretis,
991 800 1066 884 quid
1090 799 1209 884 passim
1232 800 1270 864 de

112 907 203 972 vobis
224 891 386 970 sentirent
408 925 528 984 omnes,
552 905 619 968 ausi
642 905 771 968 tandem
792 902 908 985 fuistis,
932 905 1059 970 concilii
1076 906 1268 970 mentionem

112 1011 225 1078 faeere.
273 1008 422 1075 Clemens
451 1010 549 1074 etiam
572 1031 654 1094 pepe
677 1007 774 1073 semel
797 1031 891 1074 ausus
915 1009 979 1074 fuit
1001 1014 1069 1074 toto
1091 1009 1269 1094 sui'ponti-

111 1118 224 1182 licetne
248 1119 411 1200 tempore,
434 1115 489 1178 sed
511 1115 557 1178 ito
579 1115 762 1199 proposuit,
786 1117 823 1178 ut
845 1114 923 1178 satis
946 1114 1117 1188 indicaret,
1149 1137 1182 1180 se
1205 1136 1269 1180 non

111 1221 371 1288 emendationem
403 1223 562 1303 spectare,
596 1219 649 1284 sed
683 1219 875 1283 altissimum
907 1219 1008 1284 otium
1031 1224 1063 1284 ct
1085 1220 1269 1304 tranquilli·

111 1331 223 1394 tatem.
270 1324 325 1392 Sic
353 1325 441 1390 enim
471 1323 567 1389 hebet
598 1325 664 1410 ejus
698 1325 822 1402 oratio,
857 1345 951 1407 quem
982 1346 1039 1410 per
1069 1325 1191 1410 legatos
1215 1324 1268 1390 de-

112 1431 279 1496 nuntiarit
311 1430 344 1494 in
369 1427 590 1516 Gertmauiom.
636 1428 747 1494 Otium
776 1432 883 1494 autem
916 1429 994 1495 illud
1025 1434 1057 1494 et
1085 1427 1269 1512 tranquilli·

112 1541 213 1602 tutem
226 1535 388 1620 quomodo
403 1535 565 1618 cogitabat
580 1533 723 1599 stabilire
738 1533 801 1598 sibi
815 1555 941 1618 suasque
956 1534 1045 1598 sedi?
1067 1533 1270 1598 Preesedisset

112 1641 180 1726 ipse
202 1638 353 1726 cognitor
376 1644 409 1703 et
427 1639 683 1734 jeronymum
705 1638 842 1722 stipatus
872 1639 985 1717 armis,
1020 1641 1052 1702 et
1074 1637 1269 1703 adversarios

113 1767 177 1810 non
203 1749 417 1832 agnoscentes
441 1745 547 1837 ipsum
569 1744 697 1827 ejusque
719 1745 824 1808 sedem
847 1743 1094 1808 condemnasset.
1126 1742 1195 1808 Hoc
1215 1741 1269 1808 ille

114 1850 342 1934 compendium
373 1847 557 1933 spectabat,
590 1852 622 1912 et
651 1869 706 1912 vos
729 1869 853 1932 quoque
874 1848 1025 1931 spectatis
1046 1846 1125 1912 illud
1149 1870 1267 1928 omnes,

112 1956 209 2020 etisnr
225 1954 279 2019 hic
291 1953 411 2018 Paulus
425 1953 549 2028 tertius,
564 1954 616 2036 qui
634 1975 705 2017 eum
722 1953 760 2016 ad
776 1951 997 2036 pontificatum
1013 1953 1215 2036 pervenisset,
1231 1957 1269 2018 ut

112 2059 274 2144 specimen
298 2058 428 2141 aliquod
453 2058 578 2122 illustre
599 2058 688 2122 daret
710 2079 773 2122 suae
796 2056 979 2141 probitatis,
1004 2057 1083 2122 illud
1106 2057 1190 2142 quod
1212 2079 1268 2123 vo·

109 2170 184 2230 cent
207 2163 406 2230 breviarium
429 2162 639 2247 repurgabat,
670 2161 786 2246 ineptis
810 2160 999 2245 quibusdam
1026 2161 1144 2227 fabulis
1166 2183 1203 2227 ex
1231 2184 1267 2228 eo
1298 2202 1302 2212 ·

108 2270 256 2336 sublatis.
304 2267 424 2333 Nonne
446 2267 621 2352 speciosum
643 2267 702 2331 hoc
725 2270 772 2331 est
795 2288 831 2331 ac
860 2288 1013 2352 magnum
1044 2271 1268 2353 argumentum

109 2375 219 2456 animi,
242 2396 354 2440 reram
377 2377 411 2438 et
434 2372 567 2436 solidam
591 2370 850 2436 reformationem
872 2371 1079 2437 meditantis?
1112 2369 1186 2438 Non
1211 2372 1268 2438 du·

683 2544 702 2583 t‘

108 2689 233 2754 hebent
256 2687 303 2751 irs
326 2685 459 2772 gethan,
482 2685 586 2752 lieben
607 2684 732 2764 herren,
756 2685 840 2750 daun
863 2686 918 2750 des
934 2687 964 2750 ir
979 2683 1057 2750 euch
1072 2688 1154 2750 etwe
1169 2684 1269 2751 demit

109 2791 358 2877 entschnldigen
382 2795 481 2877 mdgt.
526 2790 560 2855 lr
593 2791 710 2855 sollsnt
740 2812 856 2856 ewerer
878 2769 1125 2874 wider[75]part
1156 2789 1268 2855 billich

111 2897 271 2972 dmeken,
294 2896 341 2960 sie
363 2894 468 2960 haben
491 2893 568 2960 euch
585 2894 782 2980 verntnfftig
797 2895 863 2959 und
878 2895 958 2980 lrltg
973 2894 1129 2979 gemacht.
1161 2893 1266 2958 Wenn

112 3023 188 3066 man
213 3001 266 3066 die
289 3019 491 3085 vergangene
518 2998 597 3083 ding
621 2997 681 3062 mit
704 2997 763 3062 den
787 2999 1042 3084 gegenwertigen
1065 2997 1266 3083 vergleichet,

112 3103 471 3172 helmanensem
503 3103 574 3168 bass
596 3107 667 3168 adm
690 3103 874 3190 lrtnfftigen
897 3107 935 3169 ab
956 3103 1090 3168 richten.
1136 3102 1269 3168 Dieweil

113 3212 143 3276 ir
165 3210 381 3286 vermercket,
405 3210 460 3274 dos
482 3209 651 3294 yedermen
677 3203 754 3274 dher
776 3208 871 3286 euch,
903 3209 955 3273 des
978 3230 1128 3294 vemeugs
1150 3207 1267 3272 halben

113 3315 176 3380 mit
197 3315 271 3380 dem
287 3311 438 3392 Concilio,
460 3315 579 3400 hlaget,
601 3314 721 3379 hebent
744 3313 773 3378 ir
788 3312 866 3378 euch
883 3317 954 3379 zdm
969 3315 1086 3380 letsten
1103 3307 1267 3390 verkfinet

113 3421 179 3486 und
204 3420 256 3484 ein
280 3419 345 3483 mal
368 3419 536 3484 derhelben
560 3420 724 3485 hereusser
740 3417 929 3506 gesebicket,
952 3419 1017 3484 und
1033 3421 1088 3485 das
1104 3417 1154 3484 bei
1169 3416 1267 3502 ystri-

114 3547 187 3612 gem
210 3523 322 3589 Paulo.
369 3523 425 3588 Bei
448 3525 567 3589 seinem
590 3523 735 3589 versarer
768 3524 889 3589 habent
918 3524 986 3588 ihre
1016 3523 1107 3589 nicht
1135 3523 1266 3610 gethan,

116 3651 171 3696 eus
193 3628 319 3708 forcht,
350 3628 410 3694 wie
440 3628 622 3714 gleublich,
656 3650 729 3692 man
760 3622 866 3692 whrds
897 3626 947 3692 dis
979 3627 1045 3692 leut
1067 3627 1117 3691 nit
1139 3627 1267 3692 kdnnen

116 3729 312 3813 dher-reden,
347 3734 404 3798 das
436 3755 485 3798 ers
516 3737 576 3818 gdt
608 3733 733 3814 meinet.
780 3731 838 3796 Bei
868 3732 938 3797 dem
968 3733 1114 3818 yetzigen
1149 3729 1268 3795 hebent

116 3839 159 3903 irs
188 3843 356 3925 gesaget,
397 3838 469 3903 held
500 3838 581 3903 nach
614 3838 717 3902 seiner
748 3835 914 3916 Election,
948 3837 1009 3900 mit
1042 3835 1177 3900 solchem
1211 3834 1268 3898 be·

115 3943 272 4020 dencken,
304 3964 346 4006 on
371 3942 519 4021 aneillel,
548 3941 592 4006 llr
614 3943 658 4007 ist
680 3965 763 4021 neu,
796 3963 870 4005 men
893 3942 1011 4007 kennet
1044 3941 1078 4004 in
1101 3939 1184 4004 noch
1207 3939 1267 4016 nit,

115 4071 176 4116 ron
205 4071 315 4136 wegen
345 4051 432 4114 seins
466 4051 561 4114 alters
593 4048 687 4114 uirdt
721 4071 794 4112 men
827 4050 861 4114 in
896 4048 949 4112 fiir
984 4047 1076 4111 einen
1108 4043 1267 4109 frbmeren

115 4155 240 4222 schalclr
264 4155 401 4232 achten,
432 4155 497 4220 und
520 4155 575 4220 das
598 4175 632 4220 er
653 4153 781 4231 homer,
805 4154 886 4218 such
909 4153 964 4218 der
985 4149 1190 4216 reformation
1212 4149 1267 4213 be-

120 4261 203 4348 girig
232 4261 296 4338 sei,
328 4260 428 4324 wirdt
458 4283 530 4326 man
561 4259 701 4338 etlicher
720 4281 803 4324 mess
833 4259 1035 4324 vermsrcken
1064 4278 1119 4321 aus
1148 4256 1266 4320 seinem

114 4387 218 4434 sewen
241 4365 425 4434 Breviorio.
