3172 4958
839 314 882 378 46

282 487 461 552 desiderans
477 485 646 562 obtineres,
670 485 742 569 plus
755 485 851 550 miser
862 483 1022 562 existeres,
1047 485 1198 568 quoniam
1212 485 1433 570 unusquisqne

281 595 373 655 tanto
395 589 540 656 miserior
563 590 779 668 convincitur,
811 594 931 674 quanto
960 591 1027 673 ejus
1058 591 1090 654 in
1115 590 1198 656 malo
1220 591 1353 656 celerius
1376 613 1433 656 vo-

282 697 389 760 luntas
412 695 572 780 impletur.
618 694 651 761 si
674 718 748 761 vero
780 696 862 780 quod
889 696 977 781 cupis
1001 696 1112 761 asseris
1135 718 1200 762 esse
1220 697 1353 781 justum,
1375 718 1432 760 ne·

283 821 365 866 cesse
387 803 451 877 cst,
484 805 521 865 ut
543 801 586 864 sit
608 823 646 864 ex
668 801 777 885 alique
797 801 1066 886 supereminentia
1087 801 1147 866 tui.
1192 800 1240 865 Ex
1262 801 1323 866 hoc
1346 802 1433 865 enirn

256 927 269 965 1
278 905 331 989 jus
345 905 528 970 dominandi
541 906 663 971 caeteris
686 906 877 973 animalibus
899 907 1087 984 obtinemus,
1117 908 1268 991 quoniam
1288 908 1328 972 ad
1351 907 1432 971 ima·

282 1011 390 1096 ginem
413 1009 473 1075 Dei
495 1011 614 1076 conditi
637 1017 754 1077 natura
775 1012 1046 1097 supereminentes
1067 1011 1118 1077 his
1141 1033 1258 1078 sumus.
1293 1011 1435 1077 Ostende

282 1113 393 1200 igitur,
416 1114 504 1199 cujus
528 1114 653 1200 quidem
677 1116 715 1181 de
739 1116 821 1181 dono
843 1115 1007 1199 sapientia
1031 1117 1222 1181 tumefactus
1238 1121 1306 1181 tam
1321 1115 1434 1200 singu-

282 1219 359 1286 laris
382 1221 519 1286 excellis.
564 1220 727 1288 Nimirum
756 1223 784 1287 si
807 1222 964 1305 sapientia
986 1221 1065 1286 alios
1088 1220 1178 1305 cupis
1200 1220 1434 1298 transcendere,

282 1325 348 1390 hece
377 1326 402 1390 si
434 1347 507 1390 vera
529 1329 592 1403 est,
626 1347 825 1411 nequequam
857 1347 983 1391 sursum
1014 1329 1045 1391 te
1077 1325 1222 1411 projicit,
1256 1327 1310 1392 sed
1325 1325 1434 1389 humi·

244 1451 270 1490 11
283 1429 385 1495 litatis
408 1431 551 1495 deorsum
575 1429 663 1495 sinna
685 1430 834 1496 salutaris
847 1429 999 1508 recondit,
1024 1431 1097 1514 quie
1112 1451 1186 1496 vera
1202 1434 1250 1495 est
1265 1429 1434 1514 sapientia,

283 1535 340 1600 ubi
361 1535 526 1599 humilitas
548 1533 655 1599 fuerit.
701 1533 734 1600 Si
764 1539 870 1600 autern
902 1537 1047 1619 potentia
1077 1536 1190 1600 niteris
1213 1534 1436 1604 transcendere

158 1672 163 1696 a
284 1644 317 1705 et
339 1641 367 1704 si
389 1641 455 1724 ejus
471 1639 657 1724 praelatione
672 1640 835 1718 levaberis,
860 1662 930 1704 cum
944 1639 1071 1705 Nerone
1086 1640 1274 1723 impiissimo
1290 1645 1347 1706 aut
1363 1662 1435 1705 cum

285 1744 466 1811 Alexandro
489 1745 681 1826 nequissimo
704 1746 811 1830 praedo
833 1747 904 1810 eris.
951 1745 1099 1810 Potentia
1121 1745 1275 1829 siquidem
1298 1766 1365 1810 non
1380 1766 1435 1809 ex·

285 1849 475 1930 cellantiam,
499 1851 552 1914 sed
575 1851 681 1935 potius
704 1850 887 1916 violentiam
910 1851 1025 1937 gignit.
1071 1852 1117 1917 At
1139 1871 1213 1914 vero
1230 1871 1268 1913 ne
1283 1871 1339 1933 per
1354 1869 1436 1932 opu-

248 1955 419 2020 alentiam
442 1954 621 2034 extollaris,
645 1957 794 2040 quoniam
818 1957 883 2022 haee
905 1979 969 2023 non
992 1961 1025 2022 te
1048 1956 1125 2022 facit
1148 1954 1435 2031 transcendentem,

287 2059 340 2124 sed
362 2057 589 2124 sufficientem!
621 2057 704 2144 Opes
726 2061 810 2126 enim
834 2065 890 2126 aut
912 2064 1086 2147 egestatem
1108 2060 1257 2126 auferunt
1278 2059 1330 2124 rel
1352 2057 1436 2142 quod

287 2166 321 2229 in
345 2164 453 2248 paucis
476 2167 533 2242 est,
557 2163 764 2248 cupiditatem
777 2166 973 2252 exstingunt.
1019 2163 1117 2229 Nulla
1132 2164 1233 2250 igitur
1248 2161 1437 2228 excellentie

287 2269 444 2354 reperitur
463 2268 543 2352 jure,
567 2291 664 2353 quare
686 2269 781 2334 horno
800 2269 983 2335 hominibus
1001 2268 1195 2353 praeferetur.
1227 2265 1438 2343 Quamobrem

288 2375 372 2460 apud
395 2378 427 2438 te
450 2396 552 2451 mane,
579 2374 750 2453 carissime,
773 2379 805 2439 et
827 2375 988 2440 communi
1011 2375 1074 2460 legi
1097 2373 1257 2439 societatis
1280 2370 1438 2436 naturalis

249 2499 275 2538 πο
289 2480 433 2546 subsiste.
481 2479 564 2557 Quia
590 2478 617 2544 si
639 2479 755 2563 injuste
778 2479 951 2558 lactaberis,
983 2501 1056 2544 mox
1083 2478 1209 2563 justitia
1230 2497 1312 2541 rerae
1334 2476 1437 2540 firmi·

286 2585 364 2650 tatis
397 2583 512 2649 amissa
540 2584 625 2666 juste
654 2577 805 2648 similium
835 2605 942 2648 servus
973 2583 1044 2648 eris.
1104 2583 1222 2647 Verum
1255 2579 1438 2666 iniquitatis

287 2688 401 2772 politia
416 2709 556 2771 praeesse,
581 2687 707 2751 subesse
729 2691 787 2765 est,
810 2688 919 2770 etqui
942 2688 1127 2772 arrogantia
1149 2685 1347 2764 dominatur,
1367 2684 1438 2768 jus·

287 2793 393 2857 titiam
409 2791 533 2877 spernit
554 2795 587 2856 et
605 2792 692 2856 vitiis
708 2793 825 2857 subest.
872 2793 1048 2858 Recordare
1064 2792 1166 2876 primo
1183 2792 1265 2876 quod
1281 2791 1439 2856 secundus

287 2897 383 2962 homo
404 2896 506 2962 faetus
529 2900 577 2961 est
599 2897 634 2960 in
657 2897 818 2962 societatis
840 2919 1006 2963 commune
1032 2897 1187 2982 judicium
1222 2901 1254 2961 et
1283 2917 1303 2960 a
1333 2895 1440 2959 tribus

249 3019 275 3059 2⁶
288 3001 449 3080 fratribus,
474 3000 543 3066 Noe
564 3001 649 3082 filiis,
673 3003 707 3066 in
720 3003 866 3068 humanae
880 3005 1082 3087 postmodum
1097 3003 1295 3069 infirmitatis
1311 3001 1440 3066 evidens

289 3107 510 3171 documentum
522 3106 695 3172 humanum
713 3107 951 3174 disseminatum
969 3114 1017 3174 est
1027 3129 1138 3193 genus.
1169 3107 1230 3172 Sed
1241 3107 1361 3189 depone
1372 3103 1440 3168 sas·

288 3215 367 3288 tum,
392 3210 468 3275 tolle
491 3209 619 3275 nomina
630 3212 834 3296 dignitatum.
866 3213 908 3278 Et
923 3214 999 3296 quid
1015 3217 1064 3278 est
1078 3212 1181 3278 omnis
1195 3212 1290 3276 homo
1305 3209 1368 3274 nisi
1379 3209 1439 3272 110-

289 3313 365 3382 mo?
392 3314 466 3381 Una
485 3315 586 3401 igitur
608 3320 733 3382 tanturn
757 3318 889 3402 aequitas
904 3323 952 3383 est
975 3317 1098 3382 homini
1124 3314 1304 3401 possidendi
1326 3317 1359 3379 et
1374 3335 1440 3378 una

163 3413 168 3422 ’
290 3422 436 3486 voluntas
460 3421 621 3507 diligendi.
668 3421 789 3498 Quibus
812 3424 929 3488 auditis
950 3445 1025 3488 mox
1048 3423 1103 3487 ille
1126 3421 1243 3486 fastum
1269 3419 1423 3504 deposuit.
1556 3425 1563 3448 ¹

252 3648 277 3686 ω
522 3629 677 3697 Contra
699 3632 934 3716 appetitum
958 3631 1206 3717 dignitatis.

501 3803 557 3870 De
579 3813 691 3884 urse,
714 3806 836 3888 vulpe
860 3809 899 3870 et
923 3827 1060 3883 cerva,
1083 3827 1151 3890 cap.
1178 3809 1227 3867 ll.

349 3959 353 3966 ’
380 3942 537 4008 Latitanti
558 3967 632 4010 urso
654 3945 818 4022 famelico,
851 3949 886 4008 ut
915 3945 1054 4029 praedam
1086 3945 1228 4028 aliquam
1259 3940 1441 4026 deglutiret,

293 4048 447 4132 magistre
469 4048 603 4114 fallaeiae
624 4049 752 4133 vulpes,
787 4049 842 4134 pia
863 4050 962 4132 impio
985 4049 1153 4114 subvenire
1175 4069 1247 4113 curn
1269 4049 1377 4130 putat,
1401 4045 1442 4110 ad

294 4173 365 4216 eum
387 4175 511 4218 cervam
533 4155 705 4238 solivagam
728 4159 796 4219 arte
819 4155 882 4219 doli
904 4155 951 4220 sic
973 4155 1148 4220 conabatur
1167 4152 1289 4216 afferre.
1335 4149 1441 4214 Nimi-

255 4273 281 4312 11
295 4276 374 4333 rum,
399 4257 515 4341 inquit,
540 4259 630 4323 vultu
646 4259 813 4343 placidam,
837 4259 1076 4336 eervicealtam,
1100 4255 1182 4342 pelle
1197 4257 1341 4341 politam,
1364 4255 1444 4338 pede

295 4359 441 4440 validam,
465 4365 669 4446 proportione
692 4364 837 4429 decoram
852 4385 966 4448 parens
981 4367 1014 4428 te
1028 4362 1179 4428 formavit
1194 4366 1318 4440 natura,
1342 4380 1443 4424 unum
