3172 4958
710 356 772 418 113

161 526 337 603 attrahere,
371 529 404 590 et
431 526 470 591 ad
493 547 526 592 se
548 526 648 592 totius
679 525 809 592 nostri¹
833 526 935 592 cordis
957 526 1113 612 impetum
1135 547 1315 606 recursare,

160 636 200 696 ut
220 653 290 698 eam
313 629 484 716 diligamus
507 631 689 714 potissime,
721 631 823 715 ipsam
846 631 1057 696 desideremus
1083 632 1313 710 ardentissime,

161 736 256 801 etad
279 734 595 820 eampert'ruendem
617 734 763 801 totaliter
785 735 956 819 rapiamur.
1001 734 1035 800 Si
1065 759 1141 824 ergo
1173 736 1314 824 pulchri·

162 840 285 906 tudinis
307 861 446 906 amorem
470 840 570 905 libido
592 862 657 906 suae
679 840 898 906 delectationis
928 841 1066 925 pondere
1096 841 1315 908 sinistrorsum

135 951 320 1025 srecurvat,
342 949 421 1011 tunc
443 969 463 1011 a
486 943 723 1012 formosissimae
739 945 817 1010 artis
833 967 898 1011 sum
910 946 1112 1012 veneratione
1126 948 1210 1013 ratio
1225 946 1317 1012 davia

162 1052 302 1136 turpiter
339 1052 421 1116 cedit
459 1056 493 1116 et
530 1051 666 1117 oberrat.
726 1050 995 1127 Quemadmodum
1032 1052 1059 1116 si
1098 1057 1202 1118 mente
1240 1053 1315 1118 defi·

163 1157 265 1222 cimus
291 1161 324 1222 et
345 1158 512 1221 venustam
536 1155 650 1222 faciem
675 1177 740 1221 non
762 1155 798 1220 in
820 1176 878 1220 sua
900 1155 1090 1236 substantia,
1115 1156 1224 1220 sedin
1244 1179 1316 1221 um-

164 1263 225 1327 bra
246 1261 402 1345 speculari
424 1261 599 1347 diligimus,
622 1262 706 1326 sicut
728 1261 856 1347 quidem
877 1283 970 1326 senen
993 1282 1121 1346 egemus
1144 1260 1184 1326 ad
1205 1261 1316 1326 viden-

165 1367 241 1432 dum
264 1365 400 1431 formam
422 1366 457 1430 in
481 1366 599 1432 visione
622 1370 654 1431 et
676 1367 746 1431 luce
767 1366 929 1444 sensibili,
960 1388 1055 1451 quam
1086 1366 1119 1430 in
1151 1365 1317 1450 splendore

125 1493 152 1530 ro
166 1472 333 1555 sapientia
354 1470 426 1556 plus
447 1493 601 1538 ememus.
648 1470 746 1536 Porro
779 1471 807 1536 si
830 1471 1066 1558 generationem
1089 1471 1220 1548 amatis,
1252 1491 1318 1536 non

166 1576 289 1642 debetis
312 1597 451 1661 quaerere
475 1576 593 1641 claram
616 1574 729 1640 faciem
746 1575 992 1642 sedfoecundam
1008 1575 1179 1641 matricem.
1226 1573 1317 1642 Non·

167 1682 242 1747 dum
251 1687 334 1748 certe
344 1673 575 1762 considerastis,
589 1681 745 1764 quomodo
758 1685 872 1746 natura
881 1683 916 1746 in
927 1681 1106 1767 generando
1119 1702 1318 1765 nequaquam

168 1787 203 1850 in
219 1808 288 1850 eam
310 1785 402 1852 faciei
417 1787 551 1871 speciem
574 1787 713 1870 respicit,
736 1787 790 1852 sed
813 1809 880 1852 eam
896 1787 1028 1872 spernit,
1052 1789 1084 1850 et
1106 1787 1188 1870 quod
1212 1786 1319 1869 vipera

168 1911 273 1955 secum
314 1895 472 1956 coeuntem
513 1891 609 1956 nimie
643 1891 746 1975 specie
778 1891 968 1956 delectatum
1004 1891 1141 1958 occidit?
1193 1889 1319 1973 Quippe

129 2013 155 2051 1⁶
171 1993 341 2060 Narcissus
363 1996 477 2080 periit,
505 1997 580 2080 quia
601 1999 802 2062 venustatem
824 1997 936 2062 dilexit
959 1997 993 2062 in
1015 1996 1172 2082 imagine,
1195 2016 1260 2060 non
1284 1995 1318 2061 in

169 2123 222 2180 re,
259 2105 291 2165 et
313 2100 360 2166 ite
380 2123 435 2166 vos
466 2102 559 2167 modo
593 2101 726 2166 sevistis
756 2101 906 2181 invicem,
946 2102 1022 2186 quia
1052 2102 1087 2166 in
1119 2099 1321 2184 corruptibili

170 2227 264 2271 carne
285 2204 444 2272 fallaciter
470 2211 503 2271 et
524 2206 713 2271 umbraliter
735 2205 853 2291 pictam
876 2206 1011 2290 speciem
1040 2211 1073 2272 et
1095 2228 1160 2271 non
1182 2207 1216 2270 in
1242 2205 1320 2270 artis

169 2311 271 2377 solida
300 2311 419 2376 virtute
442 2310 586 2396 diligitis.
634 2309 758 2389 Quibus
781 2310 890 2376 taliter
913 2310 1071 2396 mitigatis
1093 2311 1222 2377 illorum
1245 2310 1319 2375 libi-

170 2416 316 2482 dinosum
338 2414 479 2480 furorem
501 2415 658 2481 convertit
680 2416 720 2482 ad
742 2437 860 2500 paoem.

129 2660 157 2698 ²⁰
229 2641 501 2709 Proverbium
525 2640 570 2705 ad
594 2642 994 2707 commendationem
1017 2639 1259 2706 castitatis.

170 2817 224 2882 De
247 2817 399 2884 scenice
430 2822 470 2883 et
491 2817 635 2902 vipera
657 2817 880 2882 contraria
902 2818 943 2881 in
965 2821 1136 2896 nature‘,
1170 2838 1237 2901 cap.
1261 2813 1316 2881 8².

258 2955 416 3022 Foenicem
445 2955 620 3021 solitariam
651 2954 888 3020 recumbentem
920 2957 1078 3038 reperiens
1102 2959 1210 3042 vipera
1233 2955 1321 3020 salu-

171 3062 254 3127 tavit
276 3066 309 3127 et
331 3061 431 3126 dixit:
464 3064 501 3126 ut
530 3059 605 3144 quid
639 3064 675 3124 tu
705 3060 773 3125 sola
803 3059 915 3124 sedes?
947 3061 1003 3124 ubi
1036 3063 1084 3126 tui
1117 3063 1242 3147 generis
1273 3065 1322 3125 est

172 3166 274 3232 amica
295 3167 451 3232 societas?
474 3164 533 3230 (lui
556 3164 627 3229 illa:
653 3164 771 3248 quippe
793 3165 861 3230 sola
884 3187 954 3230 sum
978 3165 1011 3229 in
1034 3187 1150 3251 genere
1172 3188 1242 3231 meo
1266 3187 1323 3231 neo

131 3295 158 3334 rs
172 3271 239 3336 ulla
261 3272 349 3336 adest
371 3271 406 3334 in
428 3291 478 3335 me
500 3291 592 3335 sexus
608 3269 764 3348 discretio,
788 3291 853 3333 una
868 3273 997 3334 tentum
1012 3290 1082 3334 sum
1103 3274 1135 3334 et
1150 3270 1323 3356 singularis

173 3377 207 3441 in
229 3377 357 3441 mundo.
405 3375 475 3453 Quo
496 3374 605 3440 audito
627 3376 744 3439 mirata
773 3373 865 3438 valde
898 3374 1005 3458 vipera
1036 3374 1135 3439 dixit:
1167 3373 1323 3458 numquid

172 3481 236 3546 tibi
264 3481 325 3546 soli
347 3481 411 3546 fuit
433 3479 599 3545 illiberalis
631 3484 764 3558 natura,
796 3500 867 3544 oum
898 3480 1019 3544 oaeteris
1043 3479 1234 3544 animalibus
1256 3483 1324 3543 tam

173 3585 218 3650 sit
240 3586 273 3650 in
296 3583 501 3671 generatione
523 3583 677 3669 prasumat
711 3581 846 3648 Orbavit
876 3583 960 3647 eninr
985 3587 1017 3648 te
1040 3583 1140 3648 dulcia
1164 3583 1325 3648 societatis

174 3689 304 3768 solatio,
335 3689 553 3775 generationis
580 3689 767 3753 suavissimo
788 3689 904 3774 gaudio
927 3692 961 3752 et
983 3687 1191 3774 gratissimo³
1224 3687 1324 3774 prolis

135 3819 162 3858 so
175 3796 269 3861 bono.
314 3796 365 3860 Ad
395 3794 471 3880 quid
504 3793 564 3858 tibi
587 3792 791 3878 pulchritudo
814 3793 897 3872 haec,
928 3814 1000 3858 cum
1017 3787 1156 3878 ‘privata
1187 3813 1219 3858 ee
1250 3793 1325 3856 vitae

175 3900 352 3986 conjugalis
375 3897 539 3965 dulcedine
562 3903 594 3964 et
616 3898 749 3963 coeundi
771 3899 961 3964 dilectione?
983 3896 1108 3982 Nempe
1129 3899 1157 3960 si
1171 3897 1327 3962 moritura

175 4025 224 4086 es,
255 4009 324 4072 tota
350 4003 491 4082 deficies,
523 4006 556 4067 et
581 4002 609 4067 si
640 4002 871 4081 immortalis‘,
904 4002 938 4066 iu
969 4005 1122 4067 aternum
1151 4021 1183 4066 es
1211 4002 1325 4066 tristis.

175 4109 257 4187 Quid
280 4109 397 4195 plural>
428 4109 569 4175 woitate
600 4107 661 4172 tibi
681 4108 781 4173 oculis
805 4107 982 4173 obscuratis
1004 4106 1124 4171 malum
1146 4107 1326 4190 bonumque

743 4229 761 4269 ἢ

251 4336 263 4390 1
284 4336 408 4393 Andura:
427 4335 523 4392 uestri.
573 4334 641 4390 2In
659 4333 708 4390 der
726 4351 805 4406 ausg.
823 4352 849 4391 1.
870 4335 937 4392 1630
956 4333 1018 4389 sind
1037 4335 1082 4390 die
1100 4351 1160 4406 cap.
1178 4333 1196 4389 8
1215 4333 1258 4388 bis
1279 4336 1328 4391 11:

178 4427 194 4484 1
213 4423 256 4483 bie
277 4427 326 4481 10:
412 4427 428 4480 3
447 4424 572 4482 Andura:
590 4423 772 4496 gravieeima.
843 4423 861 4478 4
879 4422 990 4480 Andcre
1008 4421 1096 4480 lesan:
1115 4421 1174 4479 eive
1191 4421 1328 4480 mortalia.

230 4527 395 4573 nemeaeus:
1099 4517 1120 4580 8
