3044 4956
136 4554 191 4568 A„

235 1147 332 1234 [diij]
580 1149 787 1224 JOANNIS
816 1149 1045 1224 snnlnnnl

750 1305 862 1372 Oratio

431 1448 471 1514 sd
493 1446 655 1533 Principes
678 1469 715 1512 ae
737 1445 873 1512 Ordines
894 1447 1015 1511 omneis
1038 1445 1179 1530 imperii.

325 1623 394 1688 Etsi
417 1627 530 1707 praeter
553 1621 701 1686 denorum
717 1643 782 1685 esse
798 1621 898 1686 videri
913 1621 1023 1706 possit,
1047 1621 1208 1687 hominem
1225 1621 1385 1707 privatum

235 1728 403 1801 instituere
425 1749 601 1794 sermonem
624 1727 707 1810 apud
730 1749 803 1806 νοε,
827 1727 1041 1802 Illustrissimi
1065 1727 1244 1819 Principes,
1276 1727 1385 1810 quiet

235 1835 297 1920 ipsi
319 1855 468 1918 magnam
491 1831 616 1897 habetis
640 1854 745 1899 rerum
769 1833 990 1918 prudentiam,
1014 1837 1046 1897 et
1068 1831 1256 1898 eonsilisriis
1279 1830 1385 1895 ornati

235 1940 321 2020 estis,
345 1938 421 2003 viris
444 1936 695 2024 sapientissimis,
719 1941 836 2015 tamen,
859 1939 1010 2024 qnoniam
1026 1937 1295 2006 exulceratissinra
1310 1940 1386 2001 sunt

235 2043 303 2110 haee
325 2047 433 2109 nostre
457 2048 617 2127 tempora,
650 2042 800 2127 quonism
831 2043 864 2106 in
895 2042 1032 2108 deterius
1062 2043 1169 2107 omnis
1191 2042 1385 2127 pedetentim

234 2150 373 2226 nbennt,
407 2152 440 2214 et
470 2148 546 2232 quis
566 2148 713 2216 meximae
734 2151 831 2226 sunt,
867 2152 934 2214 tem
956 2147 1082 2232 publiee
1105 2171 1199 2232 quem
1223 2149 1384 2232 privatim,

233 2253 423 2320 offensiones
445 2255 625 2318 animorum
641 2254 691 2320 ¹in
714 2253 902 2331 Germanis,
933 2253 1044 2337 putesi
1074 2275 1124 2318 me
1153 2253 1313 2319 facturum
1347 2274 1386 2316 ex

235 2359 360 2435 officio,
384 2359 412 2422 si
434 2358 517 2422 forte
540 2379 663 2442 possem
686 2361 719 2422 et
740 2358 829 2422 vobis
853 2359 999 2442 prodesse
1022 2361 1055 2421 et
1077 2357 1238 2430 communi
1261 2355 1384 2440 petriae,

234 2468 271 2530 ut
294 2463 375 2529 nihil
400 2463 434 2527 in
465 2484 503 2529 eo
532 2462 816 2547 praetermitterem.
863 2461 961 2534 Dueit
994 2462 1079 2526 enim
1111 2484 1147 2526 eo
1179 2482 1230 2526 me
1262 2465 1385 2540 nature,

236 2591 305 2656 quse
327 2572 431 2642 totum
454 2568 581 2652 quidem
603 2589 705 2656 genus
728 2567 903 2638 humanum
933 2571 965 2632 et
994 2588 1103 2632 omnes
1134 2567 1252 2651 ubique
1274 2571 1386 2652 gentes

802 2707 820 2745 ff

195 2843 200 2855 ·
236 2813 287 2897 [3]
742 2810 875 2877 Oretion

317 2975 357 3016 en
380 2953 441 3018 elle
464 2951 693 3032 Ohurfflrsten,
717 2951 852 3017 Fssrsten
876 2952 940 3016 und
964 2951 1080 3018 Stende
1102 2953 1155 3018 des
1181 2953 1303 3018 Reiehs.

260 3162 265 3172 ,
324 3090 458 3158 Wiewol
480 3115 512 3158 es
536 3093 586 3158 bei
609 3092 746 3158 etliehen
769 3094 817 3157 als
847 3093 898 3157 ein
929 3092 1080 3177 onn'dtigs
1111 3093 1208 3178 ding,
1241 3091 1388 3178 gesehtet

236 3197 359 3262 werden
383 3198 500 3276 mdeht,
524 3197 698 3284 Gnedigste
722 3199 784 3262 und
809 3197 952 3282 Gnedige
974 3196 1117 3276 Herren,
1153 3196 1208 3261 das
1239 3196 1308 3262 sieh
1330 3220 1386 3282 ye-

237 3305 331 3367 mend
367 3305 479 3368 nidern
522 3305 633 3368 stands
668 3303 890 3386 undernimpt,
935 3303 1171 3388 gegenwertige
1200 3301 1388 3390 Ermannng

237 3429 277 3472 en
293 3407 402 3472 Ewere
419 3407 504 3473 Chnr
528 3408 592 3472 und
608 3407 786 3472 Fiirstliche
808 3407 934 3493 gnsden
957 3411 995 3472 nii
1012 3406 1102 3483 thsn,
1127 3407 1177 3471 die
1200 3429 1256 3471 eus
1272 3407 1387 3473 hohern

236 3513 384 3578 verstand
407 3512 468 3578 alle
491 3513 605 3577 sechen
628 3513 690 3578 ban
713 3513 912 3598 ergrtinden,
946 3513 1026 3577 ench
1058 3513 1118 3576 mit
1141 3533 1177 3576 so
1201 3513 1283 3576 vilen
1307 3513 1386 3578 tref-

236 3618 340 3683 liehen
363 3619 432 3682 iren
456 3617 580 3682 deten
613 3618 677 3682 und
708 3617 838 3682 dienern
861 3617 1012 3682 versehen
1045 3617 1154 3694 seind,
1186 3617 1329 3682 dennoeh
1353 3619 1387 3682 in

236 3744 407 3808 erwegung
429 3724 522 3788 deren
545 3722 798 3807 widerwertigen
820 3721 987 3808 hendlung
1009 3724 1074 3787 und
1095 3724 1289 3808 werbnngen
1313 3723 1388 3787 zwi-

236 3821 330 3894 ¹sehen
355 3828 437 3893 sllen
461 3827 599 3893 Stenden
623 3827 799 3893 Teutseher
821 3825 981 3906 Nation1,
1013 3827 1076 3893 heb
1100 3828 1151 3893 ieh
1174 3833 1245 3894 znm
1269 3834 1385 3906 ersten,

236 3955 292 3997 ans
315 3933 597 4020 underthdnigster
620 3931 791 4018 neignng²
813 3936 851 3998 nd
873 3932 909 3998 E.
933 3932 988 3998 Ch.
1013 3935 1078 3998 und
1101 3933 1135 3998 F.
1156 3932 1297 4014 Gnaden,
1322 3934 1386 3998 und

238 4039 388 4125 volgends
410 4062 466 4104 eus
489 4039 685 4108 netttrlieher
709 4040 919 4126 eingeborner
941 4039 1023 4104 liebe
1045 4043 1116 4104 ztrn
1140 4037 1315 4105 Veterlsnd
1338 4041 1389 4104 nit

309 4213 322 4266 1
344 4213 425 4267 1541:
455 4213 575 4276 Nation,
603 4212 674 4268 euch
697 4211 782 4268 deren
800 4151 993 4283 defshrliehen
1012 4212 1188 4284 practichen,
1213 4231 1244 4268 eo
1272 4213 1323 4268 suf
1349 4212 1388 4267 sie

236 4299 367 4369 getriben
384 4301 503 4366 werden,
523 4301 580 4356 heb
598 4301 643 4354 ioh
776 4303 792 4355 2
811 4318 955 4372 meynung
973 4303 1046 4356 etett
1064 4299 1198 4371 neigung.
