3058 4946
100 495 131 553 ct
151 494 319 574 conspectu
348 495 457 556 nostro
481 496 658 570 versantur,
681 491 930 576 obstupescimus
953 491 992 558 ad
1014 493 1142 558 illorum
1165 515 1253 558 men·

101 595 223 672 tionem,
245 617 283 660 ac
308 597 456 661 divinum
477 598 600 682 aliquid
623 619 689 662 esse
710 603 869 682 putamus.
906 597 1041 664 Interim
1063 598 1183 664 habent
1206 598 1255 664 illi

101 721 178 776 suos,
202 703 235 764 in
259 701 438 768 Germania
461 703 647 786 praesertim,
672 701 865 781 defensores,
894 725 932 768 ex
956 704 1055 788 iisque
1077 703 1255 786 redemptos

101 803 226 888 aliquot,
248 806 305 890 qni
331 808 496 890 quoniam,
520 807 552 872 in
569 808 629 872 hoc
643 813 736 873 tanto
751 809 918 892 splendore
933 810 1019 888 solis,
1043 809 1125 874 nihil
1147 810 1254 874 videre

8 901 10 962 ἷ
102 909 226 986 volunt,
261 915 296 975 et
332 913 525 995 pontificum
557 917 745 995 potestatem
779 914 1077 980 immoderatissime
1109 914 1252 994 laudant,

100 1017 322 1084 conscientiam
346 1018 432 1082 hand
456 1017 550 1084 dubie
571 1041 660 1085 suem
684 1020 746 1104 ipsi
768 1020 946 1086 vulnerant.
992 1018 1060 1086 Nec
1091 1020 1176 1084 enim
1206 1022 1255 1084 est

100 1125 152 1183 aut
182 1121 386 1205 ignorationi
419 1123 566 1207 deinceps
599 1129 656 1188 aut
689 1125 883 1190 excusationi
918 1125 1014 1189 locus.
1070 1124 1097 1190 Ο
1128 1125 1254 1188 utinam

99 1227 210 1290 sentiat
226 1226 415 1308 Germania,
439 1233 592 1313 quantam
609 1229 766 1313 acceperit
788 1230 916 1316 plegem
940 1227 984 1294 ab*
1004 1229 1066 1294 isto
1088 1228 1254 1292 hominum

99 1330 218 1408 ordine,
249 1334 340 1416 quod
365 1357 403 1400 eo
426 1333 487 1417 [K]
510 1334 721 1400 miserabilius
744 1345 794 1401 est
816 1359 852 1402 ec
874 1336 977 1421 magis
1006 1334 1161 1420 impium,
1192 1355 1254 1418 quo

100 1437 276 1504 sceleratius
301 1444 364 1516 est,
387 1440 474 1524 patri
498 1443 553 1504 ant
575 1440 668 1506 fratri
691 1442 756 1506 rim
779 1447 812 1506 ct
836 1465 949 1507 manus
971 1441 1108 1518 inferre,
1141 1443 1178 1503 ut
1200 1461 1254 1504 ex·

102 1543 219 1604 ternum
242 1547 277 1606 et
301 1543 457 1622 alienum,
481 1543 604 1609 hostem
628 1547 749 1629 patriae,
773 1547 939 1612 defendas!

180 1647 229 1712 Ad
253 1648 346 1714 huic
368 1671 444 1734 ergo
468 1650 595 1715 modum
617 1651 694 1734 quia
715 1673 749 1716 sc
772 1674 822 1716 res
853 1651 992 1730 habent,
1027 1651 1191 1734 Principes
1222 1651 1256 1714 ei

102 1747 230 1816 Ordines
254 1752 447 1828 clarissimi,
480 1756 628 1838 qnoniam
651 1755 809 1820 insiticius
840 1755 892 1820 hic
914 1761 1088 1840 tyrannus,
1121 1755 1176 1818 ille
1196 1757 1253 1833 est,

101 1856 151 1938 qui
172 1857 262 1920 sedet
285 1859 321 1922 in
347 1858 469 1942 templo
493 1857 572 1934 Dei3
607 1858 660 1942 qui
684 1881 718 1924 se
739 1881 849 1942 passus
881 1861 945 1936 est,
980 1859 1077 1923 immo
1099 1858 1201 1923 voluit
1221 1861 1254 1922 et

99 1961 200 2044 jussit,
224 1968 262 2027 ut
285 1985 409 2028 numen
432 1964 560 2048 aliquod
576 1965 635 2028 ooli
651 1970 683 2028 et
698 1964 875 2040 observari3
900 1965 1086 2048 quinorum
1102 1962 1254 2028 doctrines

100 2085 212 2148 genua,
235 2068 470 2152 prophetarum
494 2073 526 2134 et
547 2071 762 2154 apostolorum
786 2071 938 2136 doctrines
960 2069 1170 2146 contrarium,
1199 2089 1253 2132 ex-

100 2169 266 2254 cogitavit,
302 2173 340 2238 in
371 2196 471 2258 eoque
494 2174 697 2240 foedissimam
722 2175 862 2240 exercuit
884 2173 1165 2246 nundinationem
1198 2171 1254 2254 qui

101 2279 288 2354 potestatem
312 2278 376 2343 sibi
399 2279 518 2357 sumit,
552 2273 616 2344 non
645 2280 748 2344 solum
771 2279 914 2345 homines
932 2277 1113 2362 judicandi,
1145 2298 1253 2340 verum

104 2378 183 2460 ipsas
204 2403 334 2466 qnoque
356 2384 533 2467 scripturas
561 2385 811 2469 interpretandi,
846 2382 1052 2467 detorquendi
1077 2385 1109 2446 et
1131 2401 1253 2445 accom-

106 2483 247 2550 modandi
271 2510 467 2573 quocunqne
491 2490 567 2554 velit
589 2491 696 2566 1n0d03
730 2491 785 2574 qui
807 2489 1047 2555 matrimonium
1070 2486 1254 2552 institutum

669 2663 687 2703 i*

104 2797 168 2864 disc
189 2823 357 2887 meynung
379 2801 485 2867 haben
507 2804 580 2882 soll,
602 2805 661 2870 wie
676 2805 721 2870 sie
745 2804 878 2869 thitrren
903 2825 963 2868 von
987 2803 1054 2868 sich
1077 2802 1253 2882 schreiben‚

105 2905 204 2968 wssrds
227 2927 270 2970 on
294 2905 359 2970 alle
382 2907 488 2971 mittel
511 2911 582 2974 zllm
611 2909 734 2995 engriff
755 2909 918 2974 kcmmen.
966 2907 1056 2973 Wolt
1079 2907 1163 2985 (lot,
1199 2907 1253 2972 des

8 3037 10 3104 ᾗ
102 3008 267 3090 yedarmen
292 3011 392 3076 sehen
414 3011 521 3076 mtcht
543 3013 592 3078 die
614 3035 723 3098 grosse
745 3012 864 3077 schand
887 3013 950 3076 und
983 3012 1109 3096 injury‚
1143 3034 1178 3076 so
1207 3012 1253 3076 sie

8 3107 10 3208 i
102 3112 154 3176 der
175 3121 313 3198 gantzen
339 3118 421 3194 well,
446 3117 510 3182 und
527 3119 622 3183 vorab
638 3118 810 3183 Teutscher
825 3116 944 3182 Netion
968 3117 1081 3181 hiemit
1104 3117 1252 3182 suthon?

104 3218 160 3284 Die
182 3221 321 3286 noturfft
344 3223 407 3286 und
432 3243 584 3307 gemeync
607 3222 690 3300 fabr,
714 3223 829 3287 darinn
853 3219 1064 3298 winichoni,
1089 3221 1253 3298 erforderi„

102 3323 155 3388 das
177 3347 251 3390 man
275 3325 406 3390 solchen
430 3327 600 3412 predigern
622 3327 686 3392 und
703 3327 883 3394 schreibern
900 3326 951 3390 ein
967 3326 1039 3391 mall
1056 3328 1146 3404 setas,
1171 3324 1254 3388 deun

102 3451 148 3492 iro
168 3431 214 3495 sie
235 3429 421 3515 vilgemelte
444 3430 633 3497 Conclusion
656 3433 774 3498 wolten
798 3431 980 3496 uerfechten
1004 3430 1069 3496 und
1092 3429 1254 3508 billichen‚

103 3553 197 3618 wcyss
219 3535 272 3600 nit
295 3535 356 3600 wie
386 3537 432 3600 sie
461 3535 529 3600 sich
561 3536 614 3602 des
644 3536 696 3600 bei
722 3536 880 3602 frommen
903 3535 1124 3602 ehrliebcnden
1147 3535 1253 3600 leuben

104 3639 238 3722 migen¹
262 3638 519 3724 entschnldigen,
542 3641 617 3704 oder
641 3640 721 3706 auch
743 3641 803 3706 mit
825 3641 921 3706 ehren
946 3639 1107 3707 bestehen.

187 3743 367 3830 Gnedigste
382 3744 446 3809 und
464 3742 606 3830 Gnedige
622 3744 755 3821 Horren,
778 3744 821 3810 lle
841 3744 1008 3809 uersehent
1031 3743 1099 3808 sich
1121 3743 1165 3808 ril
1188 3743 1255 3808 fro-

104 3867 168 3910 mer
189 3849 265 3924 lent,
290 3849 358 3914 und
381 3848 541 3912 verhoffen
565 3849 856 3935 underthiniglich,
881 3849 916 3914 E.
934 3850 1019 3914 Ghur
1034 3849 1099 3914 und
1117 3847 1150 3914 F.
1168 3846 1255 3913 Gna-

104 3950 162 4016 den
184 3955 312 4018 werden
342 3952 411 4018 sich
440 3953 473 4016 in
497 3955 755 4040 gegenwertigen
777 3954 959 4020 irthumben
981 3955 1046 4020 und
1069 3955 1139 4039 [78]
1163 3953 1255 4018 awei-

103 4057 192 4140 spart,
215 4059 250 4122 in
274 4079 450 4142 erwegnng
471 4059 603 4124 ercaltcr
626 4061 690 4124 und
720 4060 840 4124 andern
870 4059 960 4124 mehr
989 4060 1127 4144 dingen,
1160 4058 1254 4124 deren

103 4160 136 4226 R
159 4160 246 4228 Ohur
268 4163 336 4227 und
362 4162 395 4226 F.
419 4161 549 4228 Gusden
573 4165 635 4230 auli
668 4164 782 4229 hohern
805 4165 967 4230 veretendt
989 4163 1057 4228 sich
1081 4163 1193 4230 wirsen
1217 4169 1256 4232 ull

675 4303 689 4337 U

172 4387 186 4441 1
204 4387 303 4444 lentem
320 4385 416 4442 eoltcu
432 4391 539 4458 megan.
