3160 4960
722 367 761 432 19

163 542 287 607 catulus
325 563 423 607 cacus
460 545 563 606 natus.
617 539 820 604 Moderatiori
851 544 1064 605 verumtamen
1095 541 1197 606 imbre
1219 541 1314 606 tellus

163 647 294 732 pinguis
316 646 454 711 efficitur
476 649 509 710 et
530 645 676 710 ordinato
699 665 809 729 gressu
833 666 895 708 non
919 645 1022 708 solum
1046 646 1226 724 decentius,
1251 647 1314 711 imo

165 751 324 816 salubrius
346 772 440 835 grues
462 750 623 815 incedunt.
669 749 719 813 'lu
741 755 858 824 autem,
885 749 1055 828 carissime,
1080 750 1155 832 quia
1178 752 1314 816 indivisa

165 856 286 941 ungula
309 857 457 921 velociter
469 856 620 948 agitaris,
645 875 726 936 saepe
741 853 833 936 lapsu
849 854 1060 932 confunderis,
1083 877 1145 938 quo
1162 856 1314 922 nimirum

140 961 367 1024 viminundum
389 960 484 1024 etiam
508 959 626 1024 animal
643 959 800 1042 judicaris.
839 957 907 1034 Quo
923 959 1031 1022 audibo
1053 961 1199 1024 recedens
1216 983 1314 1045 equus

166 1066 301 1131 erubuit.
1221 1081 1224 1088 ·

168 1272 225 1338 nd
249 1272 660 1364 audiendumvelox,
697 1271 1099 1338 adcredendumsis
1130 1276 1313 1340 tardior.
1389 1299 1397 1316 ·

442 1446 498 1512 De
521 1447 645 1532 vulpe
667 1450 709 1512 et
732 1469 867 1526 corve,
891 1470 957 1531 cap.
985 1451 1033 1513 13.

256 1587 306 1650 Ad
329 1587 455 1672 vulpem
478 1586 694 1651 absconditam
719 1586 941 1656 famescentem
967 1609 1038 1652 cum
1061 1587 1180 1652 amicus
1204 1609 1315 1652 corvus
1415 1667 1419 1678 Ι

129 1718 155 1754 ιο
169 1715 234 1758 non
250 1695 355 1757 minus
372 1693 435 1757 sibi
450 1715 545 1776 quam
561 1692 609 1756 illi
625 1693 820 1776 compatiens
836 1692 972 1776 gallinas
989 1693 1020 1756 in
1045 1697 1164 1756 secreto
1185 1715 1316 1757 manen-

169 1803 217 1864 tes
232 1799 352 1862 fraudis
368 1799 399 1861 vi
415 1799 556 1862 studeret
578 1798 739 1875 arlducere,
764 1799 867 1862 adeas
882 1819 914 1862 se
929 1799 1066 1862 contulit
1078 1803 1110 1861 et
1125 1797 1317 1862 salutatione

169 1901 358 1985 proditionis
382 1902 544 1986 proposita
567 1902 660 1968 dixit:
685 1903 841 1966 annuntio
863 1903 952 1966 vobis
974 1903 1124 1984 gaudium
1148 1924 1317 1986 magnum

169 2007 318 2090 quoniam
358 2005 466 2089 vulpes
497 2006 645 2070 monialis
679 2007 789 2071 effecta
823 2010 873 2070 est
903 2012 935 2071 et
967 2008 1111 2090 dsposuit
1144 2006 1318 2088 feritatem,

170 2112 275 2175 venite
291 2132 407 2175 securae
421 2110 430 2146 ¹
448 2111 485 2175 de
500 2115 612 2174 caetero
627 2116 660 2176 et
675 2111 777 2175 videte
790 2111 944 2188 mirabile,
963 2112 1112 2195 quoniam
1128 2113 1161 2176 in
1178 2113 1317 2177 oratorio

130 2241 156 2278 ir
172 2216 274 2280 velata
313 2219 422 2279 cantat
444 2215 555 2280 horam
578 2216 698 2280 devotis
722 2215 868 2280 laudibus
891 2217 1111 2299 vespertinam.
1158 2216 1232 2281 Mox
1255 2219 1318 2282 illae

171 2320 299 2386 levitate
321 2309 424 2384 cordis
446 2321 607 2386 credentes
631 2343 701 2386 cum
735 2327 901 2405 pergerent
923 2321 1090 2385 inventum
1118 2321 1239 2405 gallum
1270 2343 1318 2386 se·

171 2447 241 2490 cnm
266 2425 377 2490 ducere
399 2425 605 2493 conabantur.
660 2425 705 2490 At
737 2425 792 2490 ille
823 2426 905 2490 mira
937 2426 1064 2490 dotatus
1093 2426 1317 2511 intelligentia,

160 2532 359 2613 'quantocius
384 2530 471 2594 verbi
494 2532 603 2595 dolum
624 2531 801 2616 percipiens
823 2530 885 2615 piis
907 2531 1058 2595 uxoribus
1080 2531 1180 2594 dixit:
1213 2531 1319 2595 audite

172 2655 232 2712 me,
255 2635 434 2713 insensata,
457 2635 554 2700 nimis
566 2635 709 2701 credulas.
754 2634 821 2712 Quo
844 2656 980 2719 namque
1001 2635 1133 2700 tenditis
1157 2635 1220 2699 nisi
1242 2636 1320 2700 duce

132 2765 157 2802 20
173 2739 293 2804 fraudis
315 2741 348 2803 in
372 2742 530 2804 mortem?
552 2737 668 2805 Nonne
691 2740 718 2802 si
741 2740 773 2803 in
799 2761 890 2804 corvo
913 2741 980 2805 fora
1002 2740 1129 2804 creditis
1153 2740 1319 2805 veritatem

172 2848 205 2908 et
234 2844 368 2927 speratis
392 2844 430 2908 de
452 2845 599 2928 vulpibus
629 2845 822 2922 bonitatem,
854 2844 955 2910 lucem
978 2865 1044 2909 esse
1067 2845 1188 2928 putatis
1211 2845 1245 2908 in
1268 2850 1315 2908 te-

171 2948 279 3012 nebris
302 2949 391 3013 etin
413 2949 501 3013 vitiis
524 2949 569 3013 sic
591 2951 765 3014 virtutem?
798 2947 857 3013 Sed
881 2948 940 3013 hoc
955 2948 1107 3013 nimirum
1123 2950 1319 3033 impossibile

171 3057 238 3128 est,
272 3053 422 3136 quoniam
452 3052 600 3136 splendor
631 3054 735 3118 solum
765 3053 803 3117 de
833 3053 953 3118 lumine
984 3054 1097 3118 rutilat
1128 3060 1160 3118 et
1191 3055 1320 3119 virtutis

172 3157 260 3222 stills
280 3157 410 3222 devena
433 3157 586 3221 bonitatis
609 3160 735 3220 tantum
758 3156 907 3220 destillat.
953 3155 1027 3221 Non
1051 3159 1184 3222 audistis
1207 3159 1319 3236 adbuc,

133 3266 210 3327 aaut
231 3261 331 3340 video,
355 3261 529 3326 sententias
555 3261 744 3344 sapientum.
774 3260 881 3324 Veloci
898 3262 1024 3346 quidem
1041 3284 1115 3325 aure
1130 3263 1320 3327 audiendum

172 3372 221 3431 est
243 3372 274 3431 et
298 3367 389 3450 gravi
413 3367 504 3430 corde
526 3365 723 3430 credendum.
770 3364 905 3448 Oportet
923 3365 1008 3429 anim
1025 3366 1197 3450 diligenter
1212 3371 1317 3430 atten-

173 3473 261 3548 dere,
293 3471 370 3554 quid
401 3475 433 3534 et
464 3470 514 3534 cui
537 3471 691 3536 credatur.
738 3469 859 3534 Revera
881 3470 985 3533 minus
1009 3470 1138 3554 provide
1161 3471 1263 3535 amico
1286 3475 1319 3535 et

172 3577 301 3640 inimico
325 3577 445 3660 pariter
467 3575 616 3653 creditur,
640 3597 711 3640 cnm
734 3597 839 3639 amore
862 3580 894 3639 et
917 3575 989 3638 odie
1013 3573 1131 3658 linguae
1153 3575 1236 3638 libra
1258 3575 1319 3638 fal-

172 3678 249 3746 lacis
279 3681 435 3764 siqnidem
464 3681 638 3746 affectionis
668 3681 805 3764 pondere
836 3681 870 3744 in
886 3756 891 3763 ,
906 3680 1127 3764 obliquitatem
1162 3681 1319 3745 trahatur.

132 3809 158 3846 aa
172 3782 291 3849 Verum
315 3785 397 3850 nulli
418 3784 557 3850 securius
581 3807 673 3867 quam
698 3783 799 3848 amico
812 3783 849 3848 de
864 3783 958 3847 malis
979 3789 1011 3848 et
1026 3784 1159 3849 inimico
1176 3785 1321 3850 debonis

172 3890 426 3956 accommodatur
448 3889 584 3954 auditus.
630 3885 677 3952 Da
708 3891 740 3952 te
762 3908 836 3952 vero
866 3909 1030 3971 nunquam
1061 3889 1168 3954 eredas
1191 3888 1320 3954 inimico

172 4000 230 4061 tuo
252 3995 286 4058 in
309 3999 482 4070 aeternum,
511 3993 586 4076 quia
608 3992 738 4056 sibene
760 3991 838 4056 dicit
861 3991 1021 4076 sophista,
1052 3992 1089 4056 de
1113 3993 1196 4057 bono
1219 3996 1323 4061 tendit

172 4100 212 4164 ad
235 4099 364 4177 malum,
388 4097 416 4160 si
438 4097 520 4161 male
543 4097 630 4174 dicit,
654 4095 733 4161 facit
756 4097 838 4180 quod
862 4119 963 4161 suum.
1010 4097 1114 4180 Ipsius
1137 4099 1239 4183 igitur
1266 4101 1322 4164 bo·

173 4205 280 4283 nitati,
304 4203 388 4269 hosti
411 4202 569 4268 communi
593 4207 624 4267 et
647 4203 754 4266 invido
777 4201 965 4266 credendum
988 4223 1052 4266 non
1076 4207 1133 4279 est,
1156 4205 1233 4287 quia
1251 4225 1322 4269 curn

742 4323 759 4360 *

245 4432 257 4485 l
278 4431 380 4501 Ausga
398 4429 531 4486 securata.

1071 4517 1115 4582 2*
