3172 4958
719 271 780 337 103

216 439 492 510 Proverbium
514 444 785 510 ostensivum
808 446 1126 530 proprietatum
1151 451 1280 537 grati.

468 600 525 665 De
547 621 647 665 osne
670 604 709 667 et
731 595 857 689 lupo',
881 625 947 687 cap.
973 605 1024 667 27.

261 738 355 806 Oanis
378 761 397 806 e
420 739 548 807 domino
572 741 755 808 verberatus
788 764 860 809 curn
891 765 929 808 er
952 743 1113 812 doloribus
1136 747 1325 814 decumbens

171 847 344 924 clamaret,
375 867 450 912 mox
480 845 566 912 venit
598 844 638 910 ad
661 867 733 910 eum
755 845 851 931 lupus
884 846 969 911 nihil
1002 849 1122 914 veritus
1154 852 1207 916 sed
1237 874 1325 917 secu-

142 969 243 1033 crus,
277 951 385 1037 sicque
406 953 555 1018 visitator
578 951 765 1018 durissimus
788 956 883 1038 atque
906 954 1123 1039 gravissimus,
1146 956 1326 1023 consolator

170 1057 356 1142 asperrimis
379 1056 520 1136 leniens,
554 1057 760 1122 amarissimis
787 1059 946 1137 muleens,
977 1058 1183 1126 afflictionem
1206 1061 1324 1127 addens

170 1161 294 1230 afflicto
316 1163 483 1247 proposuit
514 1162 640 1228 dicens:
674 1184 729 1227 cur
758 1163 797 1227 de
827 1161 928 1228 amico
958 1162 1094 1228 clamore
1127 1168 1324 1250 conquereris

170 1270 205 1332 et
226 1265 342 1352 grandi
364 1287 438 1333 voce
461 1266 498 1332 de
521 1266 649 1333 bomine
670 1265 883 1332 lamentaris?
917 1269 953 1330 tu
986 1270 1072 1334 certe
1102 1290 1174 1334 reus
1198 1269 1259 1334 tibi
1282 1292 1324 1346 es,

171 1372 230 1456 qui
260 1375 388 1438 tantum
414 1373 574 1438 hominem
604 1393 728 1456 semper
758 1370 916 1436 dilexisti!
952 1369 1029 1437 Haec
1062 1378 1137 1438 sunt
1166 1373 1326 1458 stipendia

130 1495 158 1534 1⁰
171 1477 361 1542 meritorum
376 1481 520 1553 tuorum;
545 1479 619 1560 quia
634 1479 792 1541 nocturno
807 1476 882 1562 gelu
897 1478 931 1540 et
946 1475 1050 1541 calore
1066 1477 1180 1544 diurno
1195 1500 1324 1566 gregem

171 1581 389 1662 custodivisti,
412 1581 536 1666 suscipe
559 1603 646 1646 nuno
668 1579 817 1646 dolorem.
864 1579 923 1645 Oui
947 1581 1074 1664 quidem
1097 1585 1184 1648 canis
1207 1583 1323 1670 gratis-

172 1688 273 1752 simus
287 1687 373 1753 clara
386 1687 594 1774 gratitudinis
610 1687 771 1752 sententia
792 1707 865 1751 mox
888 1687 1051 1771 respondit
1067 1689 1094 1753 ¹:
1117 1690 1145 1752 si
1161 1689 1243 1754 bona
1254 1711 1323 1753 sus-

171 1792 242 1878 cepi
272 1792 309 1857 de
335 1813 432 1858 manu
461 1792 621 1872 hominis,
653 1814 708 1858 our
736 1794 769 1858 et
790 1812 855 1856 non
879 1792 1068 1858 sustinerem
1098 1814 1183 1858 nune
1213 1794 1322 1862 mala?

171 1919 239 1964 non
272 1918 395 1983 semper
424 1896 544 1962 bonum
571 1897 747 1983 expetimus
775 1897 815 1963 ab
841 1896 961 1978 amico,
993 1897 1057 1960 imo
1083 1901 1116 1962 et
1141 1899 1166 1962 si
1198 1900 1324 1983 qnando

130 2017 158 2057 1⁶
173 2001 350 2080 inferatur,
373 2000 582 2084 suscipiamus
604 2003 637 2066 et
659 1999 787 2065 melum.
834 1995 919 2063 Nem
942 2000 969 2063 si
992 2021 1029 2064 ex
1053 2002 1123 2087 lege
1146 2003 1323 2069 dilectionis

172 2129 231 2192 pro
253 2106 353 2172 amico
375 2105 494 2170 malum
517 2125 582 2170 non
605 2103 748 2190 fugitur,
777 2106 815 2168 nt
838 2103 915 2189 quid
938 2104 978 2169 ab
1001 2127 1037 2170 eo
1060 2108 1324 2192 tranquillissime

172 2234 238 2278 non
274 2211 395 2277 feratur
432 2211 582 2276 illatum?
624 2209 732 2276 Minus
770 2208 856 2274 enim
893 2230 951 2294 pro
989 2213 1075 2275 certo
1105 2215 1216 2296 gratus
1257 2235 1324 2279 esse

172 2317 379 2404 dignoscitur,
404 2316 459 2401 qui
489 2314 751 2401 quandocunque,
775 2314 862 2400 eujus
884 2314 1012 2380 dotatus
1035 2319 1082 2379 est
1104 2315 1321 2399 beneficentia,

170 2423 331 2508 patienter
353 2423 419 2509 ejus
443 2443 506 2487 non
535 2420 653 2486 tolerat
685 2419 847 2485 offensam.
893 2418 940 2483 At
968 2441 1092 2502 semper
1122 2421 1239 2508 diligit,
1264 2423 1320 2507 qni

131 2555 158 2594 ro
172 2527 292 2594 amicus
320 2529 382 2606 est,
414 2532 446 2592 et
467 2526 563 2592 semel
586 2527 713 2609 accepto
743 2523 894 2589 beneficio
923 2524 1083 2589 virtuosus
1114 2547 1234 2612 semper
1272 2532 1320 2594 est

172 2638 300 2719 gratus,
322 2633 405 2698 sicut
432 2632 598 2710 asbeston,
629 2629 685 2714 qui
707 2651 779 2696 vere
802 2629 932 2709 dilexit,
957 2631 1139 2696 accenditur
1169 2636 1202 2696 et
1231 2631 1322 2716 quasi

173 2739 245 2804 fons
254 2739 344 2804 vivus
355 2736 596 2824 ingratitudinis
608 2757 689 2802 vena
698 2735 849 2820 aperitur.
882 2733 942 2798 Est
956 2736 1042 2800 enim
1058 2735 1185 2801 virtutis
1200 2757 1323 2820 semper

171 2864 303 2928 prosper
326 2846 423 2907 actus.
469 2841 520 2906 Ad
551 2839 618 2906 haec
648 2840 742 2925 lupus
772 2839 934 2904 discordiae
965 2841 1137 2907 seminator
1160 2841 1322 2925 adjunxit:

171 2950 205 3012 et
227 2947 311 3031 quod
333 2949 382 3011 est
404 2945 592 3011 beneficium
622 2945 683 3011 tibi
713 2945 822 3009 datum
854 2945 917 3010 nisi
950 2951 1022 3030 post
1046 2946 1107 3011 diei
1131 2947 1322 3012 curriculum

131 3079 157 3118 aa
171 3052 264 3138 panis
279 3051 418 3116 frustum
432 3049 468 3117 ²?
491 3051 540 3116 Tu
562 3054 678 3131 autem,
702 3071 774 3114 cum
795 3049 948 3114 animalia
969 3055 1084 3115 caetera
1106 3056 1199 3116 nocte
1222 3051 1322 3116 libera

172 3157 358 3241 quiescunt,
395 3158 531 3220 eternus
553 3175 661 3218 servus
684 3174 778 3236 super
804 3173 934 3239 gregem
966 3153 1127 3237 palpebris
1162 3156 1323 3221 timorosis

172 3260 304 3347 evigilas
326 3264 359 3327 et
374 3264 484 3344 aperto
499 3281 553 3325 ore
569 3259 602 3323 in
618 3258 695 3352 diali
719 3262 872 3336 caumate,
895 3257 1038 3343 inquieto
1058 3262 1195 3342 pectore,
1212 3260 1333 3345 lingua'

172 3366 351 3452 paralytiva
371 3365 444 3430 sitis
465 3387 585 3430 auram.
631 3363 682 3430 Sic
697 3362 857 3430 continuis
876 3363 1045 3428 latratibus
1067 3364 1267 3448 tempestaris
1291 3367 1323 3427 et

172 3471 299 3538 infestis
322 3493 445 3557 semper
459 3471 591 3536 laniaris
607 3470 725 3534 ursinis
748 3469 894 3554 ungulis:
919 3469 972 3534 sed
989 3489 1153 3550 nunquam
1168 3489 1226 3552 pro
1242 3489 1323 3550 pane

133 3603 159 3644 ro
173 3597 273 3664 parvo
296 3576 416 3642 dulcem
440 3576 584 3642 tribuisti
613 3575 753 3660 quietern
775 3577 808 3639 et
830 3575 945 3659 pellem
959 3574 986 3638 ⁸!
1017 3574 1107 3639 Tunc
1130 3573 1217 3639 canis
1246 3594 1323 3656 pru·

172 3681 300 3747 dentius
331 3681 444 3747 callido
475 3682 560 3748 hosti
582 3681 765 3767 respondit:
798 3680 951 3746 nimirum
975 3679 1098 3744 eunctis
1121 3677 1268 3744 inimicus
1291 3681 1323 3741 ct

86 3855 93 3870 ,
171 3787 302 3854 nocivus
315 3788 398 3854 nihil
412 3809 555 3874 unquam
576 3787 707 3854 virtutis
730 3791 762 3850 et
784 3785 993 3872 gratitudinis
1016 3783 1214 3871 cognovisti!
1239 3782 1321 3859 Quid

739 3908 758 3949 a

244 3995 257 4049 l
279 3993 313 4050 ln
330 3995 379 4052 der
397 4015 476 4068 ansg.
494 4015 519 4052 v.
542 3998 609 4053 1630
628 3995 702 4066 folgt
720 3997 778 4050 eret
796 3995 847 4050 das
865 3993 1018 4048 distichon:

381 4084 410 4140 Si
427 4085 543 4142 fortune.
560 4083 640 4141 dedit
657 4083 764 4139 dudum
783 4082 852 4136 mihi
872 4081 973 4146 dulcia,
992 4097 1080 4150 quare

450 4172 594 4244 Dedignor
611 4171 664 4226 sub
682 4187 715 4225 ea
733 4169 856 4240 paucula
874 4169 945 4224 dura
964 4168 1045 4239 pati?

171 4257 331 4317 annuere:
363 4263 433 4316 tum.
549 4263 565 4318 3
592 4258 637 4314 die
656 4259 756 4314 verte:
784 4257 832 4312 sed
852 4256 895 4311 bis
913 4256 1017 4326 pellem
1034 4253 1128 4310 fehlen
1145 4252 1175 4307 in
1192 4252 1242 4308 der
1261 4269 1321 4306 ans-

172 4347 246 4420 gabc
263 4365 320 4405 von
339 4349 415 4404 1630.
