3058 4946
659 341 721 403 105

108 514 315 592 eonstituere,
350 518 387 577 nt
409 511 633 597 profligaretur
656 510 808 595 quiequid
830 513 878 576 est
900 511 935 575 in
958 533 995 576 ea
1027 510 1195 588 vitiosum,
1230 512 1264 576 et

109 621 286 704 lierpnauia
308 620 415 684 laetum
440 621 640 702 recuperaret
661 639 698 681 ae
721 618 810 701 pium
833 617 947 695 otium,
971 637 1034 701 quo
1049 621 1134 682 oerte
1148 617 1262 703 religio

108 733 137 790 et
158 726 275 790 soboles
298 747 405 790 carere
428 745 492 788 non
516 727 656 808 possunt.
1025 791 1027 796 ,

109 829 263 915 Dirempti
288 851 399 895 sumus
422 853 442 894 a
464 829 553 894 vobis
575 834 608 894 et
631 829 758 913 alpibus
781 834 814 894 et
843 829 944 908 mari,
979 829 1061 894 nihil
1092 829 1176 914 apud
1204 849 1260 894 vos

107 935 306 1010 affeetamns3
344 936 427 1000 idem
459 939 572 999 utros
602 957 726 1019 qnoque
758 935 896 1000 vicissim
928 934 1011 1018 apud
1046 955 1103 998 nos
1126 933 1260 1012 faciatis,

107 1061 226 1124 equum
249 1046 310 1104 est.
358 1041 528 1106 Preeamnr
558 1041 648 1106 vobis
678 1041 787 1106 omnia
808 1033 970 1126 'prospera
998 1043 1031 1105 et
1060 1039 1167 1118 salva,
1201 1039 1261 1105 hoo
1379 1029 1381 1034 ’

106 1149 150 1208 est
170 1165 282 1210 sanam
307 1150 466 1222 mentem
491 1168 510 1211 a
532 1147 620 1211 vobis
641 1146 773 1211 interim
795 1145 945 1230 petimus,
970 1165 1010 1210 ne
1032 1147 1177 1208 nostrum
1200 1143 1260 1209 hoo

108 1253 168 1313 tum
191 1251 408 1314 neeessariam
439 1255 471 1315 et
501 1251 590 1336 pium
605 1251 806 1316 'institutum
841 1250 1030 1334 impediatis.
1075 1247 1165 1313 Adeo
1195 1269 1258 1313 non

107 1357 150 1417 ωδ
170 1356 408 1420 oontemnenda
429 1354 607 1436 Germania,
631 1361 668 1422 ut
692 1357 777 1422 inter
799 1377 909 1422 omnes
931 1355 1028 1419 etiam
1051 1354 1184 1439 populos
1206 1355 1257 1417 in·

108 1459 223 1544 signem
248 1465 281 1526 et
305 1461 473 1526 honestum
496 1462 640 1528 obtineat
662 1463 775 1528 locum.
822 1460 898 1527 Non
928 1461 1062 1544 potestis
1089 1458 1149 1523 hoo
1171 1456 1259 1522 vobis

107 1585 272 1650 arrogare,
310 1567 402 1650 quasi
433 1569 532 1652 major
561 1569 605 1632 sit
635 1569 667 1632 in
697 1568 788 1633 vobis
817 1567 868 1632 vel
890 1587 995 1631 rerum
1019 1564 1189 1648 prudentio
1210 1561 1260 1628 vel

109 1670 241 1735 eruditio
266 1671 317 1736 vel
341 1673 416 1736 vitee
438 1672 648 1738 sanctimonia
670 1677 703 1738 et
724 1674 905 1758 integritas.
953 1669 1071 1749 Quodsi
1094 1691 1167 1747 uos,
1199 1690 1258 1733 nu-

108 1795 189 1838 rnero
212 1777 411 1860 paucissimi,
434 1779 583 1862 potuistis
606 1779 741 1845 antehae
763 1780 878 1858 uidere,
904 1775 1167 1862 quemadmodum
1190 1795 1258 1839 mo-

108 1880 249 1946 derandae
273 1889 381 1948 essent
402 1905 511 1949 omnes
541 1907 597 1970 per
619 1884 780 1968 Europam
809 1883 998 1970 provineiae,
1033 1879 1109 1966 quid
1141 1879 1257 1959 obstat,

108 1988 273 2068 quominus
297 1989 395 2054 etiam
418 2010 485 2068 nos,
510 2010 641 2054 numero
656 1991 843 2074 superiores,
867 1987 1013 2054 doctrina
1028 2007 1101 2050 vero
1117 1988 1149 2049 et
1163 1985 1258 2049 recti·

109 2091 213 2156 tudine
232 2093 349 2176 judieii
373 2095 463 2159 robis
486 2117 549 2160 non
573 2095 749 2174 inferiores,
772 2095 935 2160 videamus
958 2115 1010 2171 ea,
1038 2113 1108 2177 quae
1130 2093 1196 2155 tam
1219 2090 1257 2155 ad

108 2192 236 2260 salutem
253 2203 411 2276 nostram,
427 2221 523 2282 quam
538 2200 577 2264 ad
593 2199 772 2265 Germaniae
788 2199 1057 2284 tranquillitatem
1071 2196 1259 2282 pertinent?

109 2302 279 2382 prasertim
304 2325 376 2367 eum
399 2325 473 2384 vos,
504 2304 638 2389 privatis
660 2308 787 2388 tantum
809 2305 908 2370 vestri
931 2309 1061 2371 senatus
1084 2305 1117 2368 et
1138 2301 1258 2367 ordinis

676 2428 693 2466 ss

109 2509 179 2588 lere,
200 2513 265 2578 und
290 2513 455 2579 berchelei
478 2537 548 2600 weg
570 2517 801 2601 ge[67]nomen
817 2514 915 2593 wdrd
938 2514 1003 2579 und
1024 2513 1082 2580 wir
1097 2513 1133 2576 in
1148 2533 1259 2596 eynem

110 2614 342 2684 lreundtliebeu
365 2617 468 2696 leben,
492 2640 533 2683 on
557 2621 648 2706 krieg
670 2621 735 2685 und
759 2620 871 2685 aufrdr
892 2619 1039 2685 mdehten
1062 2617 1179 2682 leben?

191 2722 263 2788 Wir
294 2725 425 2788 wissens
455 2724 638 2810 gemachtl.
691 2725 756 2790 Das
789 2725 902 2811 gebirg
931 2721 1081 2808 soheydet
1111 2743 1195 2798 uns,
1231 2720 1258 2785 ir

110 2824 222 2892 babent
244 2829 297 2892 ein
323 2828 445 2894 andern
469 2827 548 2906 luft,
571 2830 623 2895 ein
647 2831 753 2895 ander·
767 2825 885 2915 gemdt.
930 2827 1001 2893 Wir
1024 2836 1154 2914 glinnen
1177 2824 1256 2890 eueh

109 2927 153 2992 als
172 2935 263 3016 gdts,
296 2932 403 3019 alleyn
434 2921 617 3000 verhindert
639 2957 699 3000 uns
721 2937 771 3000 nit
793 2959 834 3000 an
858 2955 1003 3000 unserem
1031 2934 1162 2998 erbaren
1185 2932 1254 2995 fdr-

110 3055 224 3100 nemen.
260 3036 294 3101 Ir
316 3037 463 3103 lrbnnent
484 3039 628 3105 villeioht
649 3040 763 3106 sunder
786 3061 856 3117 uns,
881 3039 945 3103 und
962 3040 1020 3102 wir
1042 3038 1156 3103 sunder
1177 3036 1256 3102 ouoh

109 3139 165 3202 vol
180 3141 282 3206 leben.
315 3141 478 3222 Daneben,
501 3145 602 3210 suist
624 3167 737 3211 unsere
752 3145 874 3211 Nation
898 3143 990 3209 nieht
1012 3143 1062 3207 die
1084 3144 1257 3228 geriqgste,

109 3245 217 3310 sonder
239 3245 291 3312 die
314 3249 525 3334 gewaltigste,
548 3250 677 3335 hentigs
701 3254 772 3335 tags
795 3250 895 3315 under
919 3249 1002 3313 allen
1026 3248 1184 3323 anderen,
1207 3245 1258 3310 ihr

109 3347 223 3416 babent
246 3373 287 3437 ye
310 3353 414 3436 keyne
437 3353 494 3439 fug
516 3353 598 3420 noeh
621 3355 727 3440 grund
750 3375 810 3418 uns
833 3359 872 3419 at
903 3353 1109 3429 verweissen,
1142 3351 1198 3416 dus
1212 3359 1216 3370 '
1232 3350 1260 3414 ir

109 3451 236 3533 fromer,
272 3455 532 3543 Gotsfdrcbtiger
555 3459 619 3523 und
643 3457 779 3544 gelerter
803 3459 911 3537 eeind,
943 3459 1029 3524 denn
1052 3458 1112 3522 wir
1132 3457 1257 3522 andere.

110 3556 257 3626 llbnnent
280 3562 320 3640 ir,
348 3583 464 3626 ewerer
486 3567 567 3628 etwu
588 3563 723 3649 dreissig
745 3563 819 3628 oder
842 3562 976 3648 uiertaig
999 3563 1170 3650 begreiffen
1193 3561 1259 3626 und

111 3661 293 3744 sehliessen,
328 3689 392 3732 was
414 3671 510 3752 ganta
533 3667 648 3733 ltalien
671 3667 783 3750 (euere
807 3668 960 3754 wonung)
980 3668 1015 3752 ja
1037 3668 1185 3733 hiebevor
1208 3666 1259 3731 die

112 3773 218 3850 grube
240 3772 326 3848 welt,
352 3771 490 3859 glauben
508 3774 570 3837 und
587 3773 697 3838 halben
714 3773 786 3852 solt,
810 3773 951 3838 warumb
967 3774 1069 3838 solten
1085 3772 1144 3836 wir
1159 3768 1260 3834 under

113 3893 177 3950 uns,
199 3875 238 3938 da
260 3876 409 3942 etliebe²
431 3879 585 3956 hundert,
609 3880 752 3959 orbarer,
776 3879 922 3964 gelerter,
945 3879 1169 3964 eullgelesener
1192 3877 1259 3940 leot

113 3979 252 4043 zdsamen
275 3983 404 4047 werden
426 3983 560 4063 tomen,
596 3985 645 4050 nit
673 3992 788 4070 mbgen
812 3983 928 4062 seben,
963 4005 1028 4048 was
1050 3987 1088 4050 ad
1112 4003 1259 4048 anserem

112 4077 179 4164 beyl
202 4084 267 4150 und
297 4087 440 4166 wulfart,
475 4094 513 4156 ad
543 4112 638 4155 unser
660 4089 781 4156 Nation
816 4093 902 4156 rdwe
924 4089 990 4154 und
1012 4089 1116 4154 friden
1140 4090 1258 4168 dienet,

112 4187 218 4266 vorab,
241 4211 277 4254 so
302 4191 361 4256 wir
383 4193 433 4259 die
455 4195 568 4260 sebrift
591 4217 647 4261 vor
670 4217 773 4282 angen
796 4194 921 4272 haben,
944 4194 1008 4258 und
1032 4195 1081 4259 die
1106 4215 1258 4282 gemeyne

674 4333 688 4364 ⁸

181 4415 193 4468 l
211 4417 345 4486 gemacht
363 4435 400 4474 on
418 4435 489 4475 ewar
507 4420 648 4490 naohteyl.
720 4421 737 4476 2
755 4419 793 4476 da
810 4421 885 4477 otuu
902 4419 968 4478 rum
983 4417 1050 4478 oder
1069 4421 1200 4477 oeulis...
