3172 4958
719 363 771 460 Ι151

180 533 231 598 die
254 533 382 598 ovificat
403 535 436 597 et
458 532 555 597 semel
577 531 611 596 in
635 554 718 597 anno
742 531 882 597 struthio
904 530 1012 596 fundit
1042 552 1110 598 ova.
1160 531 1258 596 Gravi
1287 533 1330 597 si-

180 637 309 722 quidem
330 659 350 702 a
371 640 564 722 tempestate
582 641 749 702 ventorum
771 636 965 701 humilitatis
997 656 1046 700 me
1078 639 1163 700 tutat
1194 637 1330 703 firmitas

180 747 213 809 et
235 747 292 809 tua
312 743 373 808 tibi
396 746 445 807 cst
466 741 603 806 altitudo
627 745 809 825 tempestas.
857 741 968 806 Omnis
992 739 1077 804 enim
1094 745 1215 823 quanto
1230 743 1331 807 subli-

181 849 263 914 mior
293 853 386 914 tanto
414 847 599 912 mutabilior
630 853 686 913 est.
734 847 779 912 Ut
801 847 878 930 qnid
902 867 978 932 ergo
998 845 1037 910 de
1062 846 1232 912 altitudine
1257 867 1332 932 pro-

152 953 296 1021 acellosa
318 957 350 1019 et
371 973 471 1018 rauna
484 952 632 1036 gloriaris
655 958 688 1017 et
710 952 808 1017 stulte
830 952 956 1036 plenam
979 973 1029 1015 me
1052 950 1145 1015 melle
1167 957 1200 1016 et
1222 951 1332 1018 stabili

180 1059 336 1124 brevitate
357 1056 547 1123 confundis?
571 1055 678 1121 Pulvis
697 1057 814 1140 quippe
837 1062 957 1139 quanto
979 1055 1053 1138 plus
1069 1055 1213 1140 erigitur,
1238 1056 1331 1120 diffu-

180 1164 246 1228 sius
268 1163 431 1248 spargitur
453 1166 486 1226 et
508 1161 615 1226 fumus
638 1181 708 1227 cum
732 1161 835 1246 inagis
856 1160 1032 1238 extollitur,
1057 1159 1193 1244 amplius
1217 1163 1332 1225 annul-

180 1269 274 1335 latur.
321 1267 416 1357 Altqs
448 1289 545 1350 vapor
571 1266 611 1331 ab
633 1270 712 1330 aestu
734 1265 932 1329 consumitur
962 1268 994 1329 et
1023 1265 1179 1328 contritus
1202 1266 1331 1349 gravius

181 1373 216 1437 in
239 1393 344 1438 rorem
365 1371 584 1436 dulcissimum
606 1371 824 1436 condensatur.
871 1369 997 1435 Montes
1030 1369 1112 1434 aerei
1132 1391 1215 1454 saepe
1237 1371 1332 1435 nubis

139 1508 167 1546 ιο
182 1476 320 1563 caligine
341 1475 549 1542 involvuntur
572 1481 604 1541 et
634 1480 767 1541 terrenae
790 1475 887 1540 valles
909 1474 988 1539 rivis
1016 1474 1248 1539 inundantibus
1272 1475 1331 1538 im-

181 1582 390 1668 pinguantur.
436 1580 543 1668 Igitur
571 1581 865 1665 incomparabiliter
887 1581 999 1644 melior
1020 1581 1122 1663 plenae
1140 1580 1332 1645 humilitatis
1412 1603 1415 1610 ’

181 1691 231 1752 est
263 1688 423 1773 parvitas,
462 1707 556 1770 quam
594 1685 685 1751 velox
715 1686 895 1750 sublimitas
932 1685 1021 1748 omni
1055 1684 1137 1750 bono
1171 1689 1330 1750 evacuata.

173 1791 306 1870 ‘Quibus
328 1792 445 1857 auditis
467 1792 588 1856 arundo
611 1791 747 1858 erubuit.

415 2001 572 2069 Contra
594 2006 807 2067 tumentes
830 2023 874 2067 ex
897 2001 1092 2068 scientia.

141 2203 169 2242 aa
456 2170 511 2242 De
534 2175 653 2262 gallo
675 2180 717 2241 et
740 2176 882 2259 vulpe,
905 2197 972 2260 cap.
1000 2181 1050 2240 15.

272 2317 382 2384 Gallus
420 2319 605 2405 intelligens
644 2317 885 2403 dispositionem
923 2314 1148 2380 mutabilitatis
1184 2314 1333 2392 coelestis,

183 2444 258 2487 mox
280 2422 318 2488 de
340 2421 474 2488 scientia
494 2423 635 2488 tumidus
669 2423 703 2486 iu
727 2421 850 2486 arboris
878 2420 1042 2485 adscendit
1064 2419 1278 2484 ramusculum
1302 2421 1335 2482 et

184 2533 288 2594 erecto
320 2529 401 2594 collo
430 2529 496 2593 alta
526 2549 600 2593 voce
630 2528 780 2592 cantavit.
826 2525 926 2601 Quem
957 2547 1026 2589 cum
1050 2524 1188 2589 audisset
1211 2523 1331 2606 vulpes,

183 2631 224 2697 ad
255 2632 408 2716 ejusmodi
440 2639 570 2699 cantum
592 2638 659 2698 tam
683 2634 745 2697 cito
770 2632 909 2696 cucurrit
942 2635 974 2694 ct
1003 2633 1091 2694 stans
1114 2629 1260 2694 deorsum
1282 2651 1333 2692 sa-

143 2736 301 2802 uolutauit
323 2741 355 2802 et
378 2739 476 2804 dixit:
500 2739 617 2815 audivi,
641 2737 742 2803 frater
763 2737 817 2815 mi,
841 2757 949 2801 vocem
972 2733 1195 2799 exsultationis
1218 2737 1280 2798 tuae
1303 2735 1335 2796 et

184 2843 267 2922 veni,
292 2864 407 2926 quaeso,
430 2843 622 2908 cantationis
646 2865 772 2908 causam
795 2842 900 2907 indica
922 2840 1019 2905 mihil
1044 2837 1089 2903 At
1111 2839 1166 2903 ille
1189 2837 1335 2922 protinus

131 3009 132 3013 ,
184 2947 308 3032 inquit:
344 2948 496 3014 nimirum
530 2949 746 3034 intelligentia
777 2967 921 3032 supernae
949 2943 1167 3028 dispositionis
1198 2943 1334 3023 dotatus,

184 3073 255 3118 eam
277 3074 347 3118 oum
378 3073 520 3133 sensero,
550 3055 659 3120 statim
695 3075 768 3119 voce
791 3052 944 3117 cantabili
967 3049 1049 3115 nulli
1072 3049 1198 3112 invidus
1221 3048 1334 3132 pando.

185 3157 276 3222 Tunc
297 3158 407 3243 vulpes
426 3159 592 3225 subridens
603 3161 728 3244 iuquit:
751 3179 827 3245 ergo
843 3159 956 3241 plenus
972 3179 1004 3221 es
1020 3155 1163 3232 scientia,
1186 3155 1336 3238 quoniam

144 3284 171 3324 aa
186 3261 254 3326 haee
271 3266 319 3327 est
335 3263 515 3330 divinornm
530 3264 715 3331 sublimium
730 3264 906 3348 disciplina.
939 3264 1009 3340 Quo
1025 3260 1133 3325 andito
1149 3259 1253 3344 gallus
1263 3259 1336 3344 plus

69 3399 71 3402 ·
185 3367 399 3434 intumescens
422 3371 565 3434 cantavit
586 3391 721 3452 moxque
745 3368 854 3452 vulpes
870 3367 1007 3432 saltavit.
1040 3363 1097 3428 (lui
1114 3363 1169 3427 ille
1185 3363 1335 3448 desuper:

186 3475 223 3537 nt
245 3473 321 3556 qnid
343 3475 492 3539 saltasti?
515 3474 606 3540 Tunc
627 3475 684 3540 illa
705 3474 886 3557 respondit:
921 3476 1005 3538 certe
1028 3469 1104 3553 quia
1126 3472 1162 3532 tn
1187 3467 1258 3552 plus
1282 3488 1336 3532 ex·

186 3577 323 3657 sultasti,
350 3580 487 3664 gaudere
510 3580 596 3644 enim
619 3603 691 3646 cum
714 3577 927 3664 gaudentibus
949 3577 1033 3641 licet.
1080 3572 1163 3649 Quin
1187 3579 1219 3638 et
1234 3575 1337 3638 efl'un-

187 3682 264 3747 dens
286 3687 353 3749 rete
375 3683 553 3750 dolositatis
577 3683 680 3749 verbis
703 3683 826 3749 callidis
849 3681 1031 3766 subjunxit:
1065 3679 1182 3764 quippe
1205 3678 1337 3764 gaudeo,

145 3809 172 3847 eo
186 3787 287 3853 frater
308 3789 364 3867 mi,
386 3811 424 3854 eo
446 3791 531 3873 quod
552 3787 774 3854 liberalissima
790 3786 926 3864 bonitas,
951 3807 1021 3870 quae
1037 3784 1173 3850 conditis
1189 3783 1337 3848 omnibns

185 3893 391 3978 participium
413 3895 645 3980 perfectionum
656 3915 784 3958 suarum
800 3891 1000 3977 gradiationc
1016 3890 1212 3976 pulchrifica,
1237 3909 1338 3952 exun-

186 3997 375 4064 dantissima
394 3997 528 4082 fontana
549 3999 716 4076 diffundit,
739 3998 836 4062 etiam
862 3997 952 4061 nobis
973 3996 1078 4061 brutis
1103 3992 1338 4058 inaestimabilis

187 4105 306 4170 donum
328 4104 492 4190 sapientia
514 4104 609 4169 dedit.
655 4101 805 4189 Ogalle!
834 4106 870 4166 tu
894 4123 926 4165 es
949 4099 1052 4186 gloria
1081 4102 1207 4177 nostra,
1238 4101 1275 4163 tu
1306 4119 1339 4162 es

186 4207 360 4276 bestiarum
382 4209 505 4289 laetitia,
529 4213 562 4273 tc
584 4229 679 4286 nnnc,
704 4227 821 4290 quaeso,
845 4205 981 4290 porrige,
1005 4205 1033 4269 si
1057 4204 1209 4290 dignaris,
1235 4206 1272 4268 ut
1286 4223 1338 4268 os-
1433 4225 1438 4235 ·

150 4314 278 4381 osculer
301 4311 420 4380 sumum
442 4313 666 4399 intelligentia
688 4315 784 4395 caput
806 4311 908 4388 tuum,
931 4329 1019 4396 rogo,
1043 4309 1166 4393 comple
1186 4308 1338 4394 gaudium

187 4423 308 4486 meum!
339 4419 386 4486 At
407 4421 464 4486 ille
483 4419 611 4503 quidem
633 4416 825 4483 adulationis
848 4415 964 4482 dolosae
985 4413 1076 4480 molli
1099 4413 1210 4556 lingua
1231 4414 1338 4480 molli-

1085 4524 1107 4584 4
