3172 4962
703 321 763 382 161

159 511 297 575 praesens
320 489 439 576 pagina
463 488 549 568 vult,
581 511 621 555 ue
651 489 778 577 fragilis
807 490 944 557 societur
964 492 1060 573 forti,
1092 516 1166 560 nam
1198 493 1307 584 fragili

158 599 272 680 potens
296 595 414 660 nesciet
436 616 502 661 esse
523 594 615 661 fidus.

403 769 460 835 De
481 773 659 856 argento
682 774 721 835 et
742 769 878 848 ferro,
903 769 977 836 dial.
1002 775 1053 838 21.

244 909 424 997 Argentum
446 910 582 996 quadam
605 911 672 977 vice
693 911 868 997 improvide
890 933 927 976 ac
943 911 1112 980 indiscrete
1127 914 1167 980 ad
1185 914 1305 981 ferrum

132 1016 324 1100 aloqhutum
357 1021 405 1082 cst
434 1017 559 1083 dicens:
592 1039 611 1082 o
640 1016 823 1102 nephande,
863 1017 1031 1084 maledicta
1060 1020 1209 1105 genitura
1239 1025 1305 1102 tua,

157 1123 306 1206 quoniam
337 1145 393 1208 per
424 1126 455 1187 te
482 1123 566 1188 mala
596 1122 724 1187 infinita
747 1121 953 1187 fabricantur.
999 1121 1083 1188 Nam
1106 1147 1144 1190 ex
1167 1131 1199 1190 te
1221 1125 1306 1190 fiunt

156 1248 331 1305 mucrones,
355 1228 428 1305 tela,
448 1227 571 1310 jacula,
595 1227 758 1305 thoraces,
783 1227 882 1313 galeae
905 1231 937 1292 et
958 1228 1058 1313 gladii
1080 1230 1120 1294 ad
1139 1229 1305 1314 justitian·

155 1331 231 1396 dum
250 1330 393 1396 homines
415 1336 446 1396 et
469 1333 675 1417 puniendum,
698 1354 754 1416 per
771 1337 802 1396 te
817 1331 930 1417 proelia
951 1337 984 1396 et
999 1333 1170 1399 seditiones
1186 1335 1303 1399 cadunt

154 1437 189 1501 in
211 1437 324 1502 seculo.
370 1437 404 1502 Si
427 1459 491 1502 non
514 1459 596 1502 esses
619 1442 776 1514 creatum,
800 1438 936 1502 mundus
960 1437 994 1501 in
1018 1460 1093 1521 pace
1116 1438 1302 1524 quiesceret.

116 1566 142 1603 ιο
157 1540 289 1608 Ferrum
312 1548 417 1608 autem
441 1543 522 1607 bene
543 1541 673 1608 audiens
696 1542 931 1607 rationabiliter
953 1565 986 1606 se
1005 1545 1166 1609 excusavit
1181 1543 1307 1610 dicens:

157 1645 228 1726 heu,
252 1647 360 1726 frater,
385 1648 458 1730 quid
483 1651 539 1726 est,
564 1646 787 1741 quodlocutus
810 1647 868 1710 es?
890 1668 954 1710 non
971 1647 1032 1711 tibi
1048 1647 1198 1731 injurium
1213 1648 1306 1728 facio,

157 1752 211 1816 sed
233 1753 261 1816 is
284 1774 370 1830 sum,
395 1757 431 1816 ut
456 1753 550 1829 dicis,
574 1750 773 1828 malefactor,
801 1751 964 1815 considera
986 1752 1152 1818 veritatem
1175 1757 1207 1817 et
1230 1773 1305 1836 pro·

154 1856 282 1941 spicies,
315 1857 399 1941 quod
422 1856 491 1922 sine
513 1879 563 1922 me
586 1856 634 1922 nil
655 1857 760 1941 operis
781 1855 850 1920 fieri
873 1859 994 1940 potest,
1027 1879 1084 1941 per
1108 1879 1157 1922 me
1181 1878 1306 1942 quoque

154 1965 238 2026 artes
260 1961 459 2028 fabricantur
490 1968 523 2026 et
554 1966 639 2027 terra
672 1961 841 2047 germinat.
887 1960 972 2026 Dum
1002 1983 1058 2045 per
1088 1984 1138 2028 me
1160 1962 1306 2027 homines

117 2090 143 2129 ra
156 2072 343 2150 operantur,
368 2066 511 2132 homines
535 2089 584 2132 mc
608 2067 794 2132 distenth
815 2072 848 2132 et
870 2067 1020 2152 quicquid
1050 2067 1088 2133 de
1117 2091 1168 2134 me
1196 2068 1308 2132 volunt

156 2171 285 2237 faciunt.
331 2171 401 2258 Ergo
423 2176 529 2237 autem
553 2193 614 2237 non
632 2171 823 2250 contradico,
846 2172 901 2237 sed
923 2172 1035 2237 obedio
1057 2172 1133 2252 illis,
1157 2177 1193 2238 ut
1215 2193 1301 2238 crea·

155 2280 206 2342 tor
229 2277 397 2342 ordinavit.
444 2276 477 2341 Si
500 2280 606 2342 autem
634 2278 672 2341 dc
693 2299 744 2341 me
768 2275 1013 2354 malefaciunt,
1046 2299 1111 2342 non
1141 2281 1190 2342 est
1212 2277 1307 2360 culpa

154 2403 239 2460 mea,
272 2381 355 2446 facio
385 2382 470 2446 enirn
499 2381 582 2464 quod
612 2381 718 2447 deboc.
769 2380 819 2445 Tu
851 2385 957 2445 autem
986 2380 1071 2446 vides
1094 2380 1249 2446 festucam
1273 2383 1306 2444 in

76 2467 82 2486 ’
155 2485 246 2550 oculo
269 2507 349 2564 meo,
372 2487 425 2551 sed
448 2487 581 2564 trabem,
605 2509 676 2570 qum
698 2486 803 2550 estin
826 2485 927 2551 oculis
950 2485 1024 2564 tuis,
1049 2508 1113 2551 non
1138 2486 1307 2564 desideras,

115 2613 141 2652 rc
155 2613 227 2656 cum
249 2613 305 2674 per
328 2595 360 2656 tc
381 2593 489 2658 omnia
512 2593 596 2657 mala
617 2592 775 2671 eveniant,
799 2614 874 2656 nam
889 2591 1055 2670 adulteria,
1077 2590 1175 2670 furta,
1199 2590 1304 2655 homi·

154 2696 237 2762 cidia
259 2701 291 2762 et
313 2696 431 2762 similia
461 2717 517 2782 per
548 2702 581 2761 te
609 2695 754 2762 homines
776 2700 959 2781 operantur.
1004 2695 1065 2760 Per
1088 2699 1121 2760 te
1145 2695 1231 2760 enim
1251 2695 1304 2778 ju·

154 2801 244 2866 stitia
267 2805 299 2866 ct
328 2803 445 2867 veritas
475 2803 574 2886 perit,
607 2823 710 2867 usurae
732 2805 764 2866 et
786 2801 908 2885 rapinae
937 2800 1150 2879 fabricantur,
1184 2799 1307 2864 animos

153 2905 319 2971 hominum
342 2907 465 2972 seducis
488 2912 520 2971 et
542 2907 576 2972 in
600 2907 812 2990 perditionem
838 2907 950 2973 mittis.
996 2905 1083 2992 Ergo
1097 2906 1218 2971 bonum
1232 2908 1306 2969 erat

154 3009 215 3074 tibi
244 3015 346 3076 tacere
378 3017 411 3076 et
441 3033 505 3077 non
532 3019 598 3076 tam
622 3011 802 3077 inordinate
825 3011 921 3096 loqui.
968 3009 1079 3075 Nescit
1109 3030 1185 3096 ergo
1216 3008 1305 3092 loqui

115 3137 140 3177 aa
154 3115 291 3196 stultus,
326 3118 401 3201 quia
432 3121 535 3182 tacere
565 3138 629 3182 non
663 3121 777 3201 potest.
823 3116 915 3182 Unde
945 3115 1073 3200 quidam
1096 3113 1305 3199 philosophus

154 3221 379 3306 interrogatus,
403 3243 474 3287 cum
506 3221 577 3287 aliis
607 3220 813 3306 loquentibus
835 3225 968 3297 taceret,
1001 3219 1181 3302 respoudit:
1211 3238 1304 3283 nemo

154 3327 272 3391 stultus
288 3330 392 3392 tacere
416 3330 529 3411 potest.
575 3324 628 3390 Ad
650 3326 709 3390 hoc
731 3330 901 3411 argentum
916 3324 1083 3389 confusum
1107 3323 1234 3387 erubuit
1254 3323 1302 3386 di-

155 3452 243 3496 cens:
282 3452 405 3515 semper
436 3434 605 3514 antequam
640 3429 806 3512 loquamur
837 3429 985 3506 verbum,
1024 3449 1080 3492 nos
1112 3428 1302 3492 intueamur.

156 3537 239 3614 Quia
260 3535 339 3600 dicit
361 3535 580 3620 Augustinus:
604 3555 706 3599 sermo
729 3539 803 3599 ante
825 3533 932 3598 veniat
954 3533 993 3596 ad
1016 3532 1126 3596 limam
1150 3554 1245 3616 quam
1268 3532 1306 3597 ad

114 3664 140 3704 so
154 3641 309 3726 linguam.
354 3639 566 3725 Philosophus
596 3641 725 3724 quidam
748 3663 818 3704 uum
841 3640 925 3704 inter
948 3639 1066 3703 multos
1089 3641 1225 3715 taceret,
1256 3637 1306 3702 in·

152 3749 342 3831 terrogatus,
367 3766 423 3810 cur
445 3746 505 3810 hoc
525 3745 653 3823 faceret,
678 3745 858 3830 respondit3
883 3743 1021 3808 locutum
1038 3763 1105 3807 esse
1130 3742 1300 3825 aliquando

152 3851 304 3936 poenituit
325 3870 385 3930 mo,
408 3851 543 3916 tacuisse
565 3872 739 3934 nunquam.
787 3847 877 3913 Unde
899 3846 1018 3914 Catho:
1046 3870 1120 3912 nam
1146 3846 1226 3911 nulli
1251 3853 1299 3911 ta·

152 3958 362 4034 ouissenocet,
383 3956 436 4020 sed
446 3960 538 4020 nocet
550 3977 615 4020 esse
627 3957 777 4020 locutum.
811 3953 946 4031 Quidam
960 3952 1189 4036 paterfamilias
1203 3951 1298 4016 habe-

152 4063 208 4128 bat
222 4066 286 4128 tres
298 4063 399 4148 gallos
415 4061 546 4126 incuria
561 4061 572 4097 ¹
588 4083 645 4126 sua
657 4065 689 4124 et
700 4060 802 4136 domo,
820 4059 853 4123 in
870 4080 933 4143 qua
948 4056 1105 4122 habitavit
1119 4056 1204 4121 inter
1221 4055 1299 4119 alios

112 4188 139 4229 ss
153 4189 262 4234 servus
286 4167 414 4251 quidam
436 4165 637 4232 inhonestam
659 4165 759 4230 vitam
781 4164 907 4230 ducens.
954 4162 1042 4239 Quod
1068 4162 1305 4228 considerantes

719 4287 738 4328 a

228 4393 242 4448 1
262 4393 361 4450 Altera
380 4393 537 4466 arrabea:
556 4393 642 4450 curte

208 4499 372 4544 resonasse
1058 4485 1095 4548 ll
