3146 4962
678 311 742 374 21⁹

132 485 290 571 paratoria
313 483 482 570 magnifice
503 483 611 560 stetit,
645 487 755 566 postea
787 482 943 550 heremita
970 483 1127 549 maximus
1158 505 1177 546 a
1200 501 1288 564 quas·

131 589 277 654 rentibus
288 609 331 667 se,
349 585 388 652 ¹in
409 610 473 672 quo
487 587 678 667 confideret,
702 589 882 672 respondit:
907 589 941 654 in
956 589 1025 667 hoo,
1042 588 1126 672 quod
1142 587 1287 651 homines

131 693 203 780 fugi
224 698 258 758 st
279 694 383 768 taem,
414 694 469 758 sed
503 693 537 757 in
568 693 628 758 hoc
658 693 822 778 potissime
850 695 992 782 gaudeo,
1025 694 1108 777 quod
1140 692 1287 758 manibus

133 798 275 882 propriis
298 798 450 865 laboravi.

105 981 118 1020 ⁶
356 970 412 1038 Dc
434 973 657 1038 cardusllo
680 973 720 1037 in
744 995 887 1053 cavea,
911 974 986 1042 dial.
1012 979 1061 1039 75.

223 1113 407 1180 (larduellus
423 1113 552 1198 qnidam
567 1115 601 1180 in
617 1136 711 1180 cavea
727 1116 890 1200 cujusdam
905 1115 1014 1182 divitis
1030 1113 1194 1199 splendide
1209 1133 1286 1196 cpu-

26 1265 34 1278 .
133 1220 271 1298 labatur,
295 1219 555 1304 proptereaqucd
571 1219 657 1284 dives
672 1220 778 1305 ipsum
794 1221 931 1286 libenter
946 1219 1105 1298 audiebat,
1122 1220 1197 1282 dum
1209 1236 1285 1281 can·
1374 1259 1376 1262 -
1497 1278 1506 1294 ,

134 1324 234 1388 tabat.
273 1323 346 1408 Ipse
369 1345 493 1409 quoque
508 1325 546 1389 de
556 1323 710 1390 famelicis
725 1347 838 1409 parum
854 1327 993 1392 curabat.
1037 1324 1192 1408 Tempore
1214 1339 1287 1386 vero

135 1429 272 1512 quodam
287 1428 400 1493 inediae
423 1433 456 1492 et
468 1428 665 1493 necessitatis
680 1449 752 1495 aves
768 1429 877 1494 mulae
901 1448 1056 1515 pauperes
1079 1433 1112 1493 et
1134 1425 1287 1492 famelicas

92 1563 120 1598 ro
137 1535 174 1598 de
199 1533 311 1598 bruma
338 1537 372 1597 et
401 1531 521 1617 frigore
551 1532 590 1597 ad
622 1533 816 1598 carduellum
848 1533 1060 1618 procedebant
1083 1530 1286 1597 elemosinam

139 1640 289 1722 petentes,
314 1637 367 1702 scd
391 1637 567 1702 carduellus
591 1637 656 1702 illis
678 1659 743 1702 non
766 1637 960 1723 porrigebat,
983 1635 1045 1702 nisi
1067 1637 1106 1700 de
1114 1636 1286 1702 corticibus

136 1763 173 1807 ac
194 1743 232 1807 de
247 1741 371 1806 residuo
386 1762 504 1806 mensae
525 1763 601 1818 ruae3
628 1747 750 1822 cuneta
775 1764 844 1827 quae
867 1741 1068 1819 abhorrebat,
1093 1740 1287 1825 pauperibus

136 1846 343 1932 largiebatur,
366 1846 508 1912 volucres
531 1849 638 1911 autern
659 1847 789 1930 pacifice
811 1848 930 1924 omnia,
954 1867 1024 1930 quae
1039 1845 1102 1910 sibi
1117 1845 1285 1925 dabantur,

137 1951 333 2035 recipiebant
366 1951 520 2017 dicentes:
555 1951 631 2016 vilia
663 1957 740 2016 sunt
773 1952 908 2018 delicata
941 1954 1073 2036 propter
1106 1950 1222 2015 lamam
1255 1954 1287 2014 et

96 2059 260 2140 inoptata.
305 2054 375 2122 Hoc
398 2056 482 2120 enim
506 2063 608 2142 agunt
631 2057 796 2136 nonnulli,
826 2057 882 2140 qui
910 2056 987 2121 vilia
1008 2060 1041 2121 et
1063 2056 1185 2141 abjecta
1208 2055 1287 2120 dant

138 2160 346 2244 pauperibus,
380 2161 451 2226 idco
473 2161 557 2226 Deus
580 2162 748 2226 abborruit
770 2183 903 2227 munera
925 2160 1056 2246 Obayn,
1080 2161 1156 2245 quia
1179 2162 1216 2225 de
1238 2159 1286 2224 ri-

136 2264 269 2338 lioribus
290 2263 410 2330 obtulit
424 2267 463 2345 ci,
487 2271 520 2331 at
534 2266 574 2331 ad
589 2288 721 2330 munera
736 2266 818 2331 Abel
840 2267 990 2351 respexit,
1013 2266 1089 2350 quia
1103 2267 1141 2330 de
1155 2264 1287 2349 optimis

137 2367 264 2432 obtulit.
311 2370 512 2455 Quapropter
534 2371 659 2436 dicebat
681 2371 781 2436 Jacob
796 2371 872 2435 filiis
888 2373 970 2437 suis:
995 2372 1033 2436 de
1048 2370 1178 2454 optimis
1193 2373 1287 2433 terrm

136 2473 217 2538 ferte
240 2495 372 2540 munera
395 2475 470 2540 Deo.
517 2473 609 2541 Unde
632 2475 779 2542 Proverb.
806 2475 868 2540 IV:
899 2475 1019 2541 honora
1047 2475 1211 2540 dominum
1246 2473 1284 2538 de

95 2603 122 2642 so
136 2580 193 2642 tua
215 2578 395 2644 substantia
426 2585 458 2644 et
489 2579 527 2644 de
548 2580 701 2664 primitiis
725 2579 852 2666 frugum
875 2585 1002 2645 tuarum
1025 2581 1066 2645 da
1080 2577 1280 2665 pauperibus.

137 2681 242 2748 Idem:
266 2683 333 2748 noli
355 2684 467 2748 offerre
490 2705 622 2749 munera
639 2705 745 2768 parva,
769 2685 934 2749 nonenim
950 2683 1084 2768 suscipit
1104 2682 1163 2748 illa
1187 2682 1285 2748 Deus.

137 2785 255 2871 Magna
278 2787 363 2851 enim
385 2789 547 2853 rusticitas
570 2793 636 2867 cst,
666 2811 737 2855 cum
761 2788 884 2853 homini
913 2789 967 2854 des
995 2789 1142 2866 meliors,
1175 2788 1287 2853 viliora

135 2891 250 2956 offerre
273 2891 349 2956 Deo.
395 2891 537 2979 Legebat
558 2894 713 2979 magister
723 2893 846 2959 Alanus
869 2896 952 2978 apud
976 2894 1120 2960 Mentem
1142 2891 1287 2958 Passala

137 3017 214 3061 num
237 3001 271 3062 st
292 2998 461 3063 audierunt
483 2999 602 3064 milites
624 2999 732 3077 vicini,
758 2999 841 3083 quod
864 3004 974 3064 tantus
997 3000 1128 3065 clericus
1151 3001 1235 3063 esset
1256 3000 1290 3062 et

97 3127 123 3166 ao
139 3103 221 3186 quod
244 3103 283 3167 ad
305 3106 413 3168 omnia
435 3105 632 3190 interrogata
663 3105 886 3189 responderet:
916 3108 1114 3170 accesserunt
1143 3123 1218 3187 ergo
1248 3101 1289 3166 ad

138 3227 209 3271 eum
232 3207 270 3271 de
293 3208 454 3272 communi
476 3230 631 3274 consensu
662 3213 694 3274 et
727 3209 920 3292 quaesiarunt
951 3208 992 3274 ab
1015 3229 1070 3285 eo,
1102 3229 1173 3291 qnae
1207 3211 1290 3272 asset

138 3311 278 3376 maxima
298 3311 469 3377 curialitas.
519 3311 641 3391 Quibus
664 3312 735 3376 ille:
758 3312 833 3377 darc
855 3311 1098 3377 curialissimum
1122 3315 1178 3377 est.
1218 3313 1289 3388 Quo

139 3417 247 3480 audito
269 3420 498 3482 consenserunt
519 3417 716 3501 responsioni
740 3418 815 3501 ejus.
861 3417 934 3501 lpse
957 3438 1030 3482 vero
1053 3415 1134 3482 dixit
1157 3415 1219 3494 eis,
1252 3419 1289 3480 ut

139 3520 249 3584 habito
271 3521 404 3586 consilio
425 3521 464 3586 ad
488 3522 623 3587 invicem
646 3521 787 3587 dicerent
809 3522 855 3600 ei,
887 3543 957 3606 quae
979 3523 1065 3586 inter
1087 3520 1166 3586 alias
1189 3520 1287 3585 rusti-

99 3652 125 3688 ao
139 3624 251 3690 citates
275 3625 375 3709 major
397 3631 487 3691 esset.
534 3627 596 3705 Qui
626 3627 807 3694 habuerunt
837 3627 1006 3692 consilium
1038 3625 1076 3690 ad
1100 3625 1235 3690 invicem
1258 3627 1291 3688 et

138 3749 203 3794 non
226 3731 400 3813 potuerunt
421 3732 619 3796 concordare.
665 3730 734 3806 Quo
757 3731 865 3796 audito
887 3729 1065 3815 increpavit
1088 3749 1140 3794 eos
1162 3728 1288 3793 dicens:

32 3819 35 3827 ¹
138 3855 199 3921 ego
220 3856 385 3919 posueram
409 3855 465 3900 vos
487 3836 520 3900 in
544 3837 604 3915 via,
631 3856 689 3920 per
713 3859 808 3920 quam
831 3835 965 3920 possetis
988 3834 1180 3900 solutionem
1202 3855 1289 3917 qua-

139 3940 252 4007 stionis
273 3939 363 4006 vobis
386 3939 556 4024 propositis
578 3961 811 4026 recognoscere.
856 3937 946 4005 Sicut
977 3939 1063 4004 enim
1087 3938 1161 4004 dara
1185 3938 1289 4005 curis-

139 4044 297 4110 lissimum
320 4049 377 4123 cst,
400 4044 525 4110 auferre
547 4045 575 4108 ei
591 4046 796 4120 contrarium,
820 4066 897 4130 argo
920 4047 951 4110 et
971 4043 1215 4110 rusticissimam
1231 4051 1288 4122 est,
1423 4071 1426 4078 ¹

102 4151 223 4216 arunde
245 4173 309 4230 vos,
335 4151 390 4235 qui
412 4152 607 4216 incessanter
630 4150 762 4216 aufertis
781 4151 865 4215 bona
880 4150 1072 4235 pauperibus
1096 4153 1129 4214 et
1143 4149 1199 4233 qui
1214 4149 1291 4214 vilia

140 4254 207 4321 Deo
234 4256 397 4335 tribuitis,
432 4254 632 4322 rusticissimi
654 4255 741 4324 estis.
798 4255 898 4322 Prout
920 4255 1054 4322 dicitur:
1086 4256 1209 4322 bestius
1243 4258 1292 4320 est
