3058 4946
815 312 879 376 144

269 484 407 550 Maxime
429 485 552 552 servilia
576 490 608 550 et
632 485 845 572 ignominiosa
873 488 941 552 vite
970 487 1051 566 fuit,
1086 509 1181 572 quam
1212 488 1270 554 sub
1290 489 1295 571 Ι
1315 490 1424 573 ponti·
1480 535 1487 548 ·

268 591 362 656 ficatu
388 591 541 670 Romane,
564 591 623 657 sub
646 592 777 656 domina
800 592 964 658 meretrice
986 592 1132 656 viximus.
1179 592 1239 658 Ille
1260 616 1334 660 vero
1358 583 1424 659 nori

268 698 417 761 tractavit
440 718 514 774 nos,
541 701 577 762 ut
599 719 689 762 erum
714 697 876 762 liberalem
898 702 931 762 et
952 697 1151 762 moderatum
1174 697 1280 774 decet,
1314 721 1425 764 verum

268 802 374 866 affecit
397 823 454 868 nos
477 804 581 869 omnis
604 803 729 886 generis
750 803 954 880 contumelia,
978 807 1011 866 et
1033 824 1129 866 onera
1151 802 1243 867 nobis
1259 803 1424 888 imposuit,

268 907 498 991 qualiacunque
522 907 632 986 voluit,
657 929 721 972 non
737 929 825 972 secus
841 913 937 991 atque
953 907 1056 972 brutis
1072 907 1298 972 animantibus.
1330 907 1425 972 Nihil

269 1013 367 1078 movit
390 1033 461 1076 eum
485 1015 594 1077 nostra
615 1017 685 1078 tum
701 1013 828 1076 inscitia
843 1016 913 1076 turn
929 1013 1066 1089 miseria,
1090 1013 1141 1076 sed
1159 1034 1222 1096 quo
1236 1014 1424 1078 crassiorem

268 1118 302 1182 in
325 1117 417 1183 nobie
440 1118 677 1203 ignorationem
701 1118 917 1202 deprehendit,
947 1139 983 1182 eo
1006 1118 1157 1200 majorem
1180 1117 1243 1182 sibi
1266 1121 1423 1201 questum

267 1243 362 1286 ausus
385 1227 432 1286 eet
454 1222 605 1306 polliceri.
651 1220 742 1298 Jam,
775 1241 837 1304 quo
869 1225 1011 1304 tempore
1034 1220 1297 1284 nundinationem
1322 1222 1424 1301 illam,

267 1326 357 1409 cujus
380 1331 474 1392 antea
497 1327 718 1404 meminimus,
752 1347 810 1410 per
841 1326 925 1390 hunc
955 1330 1096 1390 nostrum
1130 1325 1239 1390 orbem
1269 1326 1423 1407 instituit,

269 1451 394 1496 necesse
416 1436 481 1510 est,
505 1433 608 1515 ipsum
631 1436 687 1497 aut
709 1432 791 1496 idem
815 1437 961 1516 putasse,
985 1432 1069 1515 quod
1092 1432 1217 1496 miseris
1239 1431 1423 1498 hominibus

269 1537 498 1619 persuadebat,
533 1537 665 1620 probam
697 1559 763 1600 esse
791 1537 936 1602 videlicet
969 1537 1051 1602 hano
1073 1557 1209 1602 mercem
1233 1541 1265 1600 et
1288 1538 1422 1602 minime

270 1641 420 1720 fucatam,
445 1647 586 1706 autnon
611 1643 788 1727 ignorasse,
822 1641 965 1708 fraudem
989 1643 1023 1706 in
1046 1665 1084 1708 ea
1105 1643 1276 1708 maximam
1299 1665 1365 1708 esse
1388 1648 1423 1708 et

268 1746 526 1812 ludificationem.
573 1747 773 1814 Alterutrum
798 1754 834 1813 ut
863 1749 979 1834 eligat,
1009 1753 1144 1834 oportet.
1190 1747 1224 1814 Si
1248 1747 1329 1814 serio
1352 1770 1422 1812 rem

269 1850 336 1936 egit
358 1855 390 1916 et
412 1873 450 1916 ex
473 1852 603 1930 animo,
638 1853 802 1917 fatendum
832 1853 914 1932 erit,
949 1854 1052 1936 ipsum
1083 1875 1150 1918 esse
1182 1873 1252 1918 rere
1275 1854 1420 1918 nativum

267 1955 513 2035 Antichristum,
536 1957 624 2040 cnjus
647 1957 836 2022 auctoritate
859 1961 890 2022 et
909 1959 998 2040 jussu
1022 1979 1071 2022 ree
1091 1961 1158 2022 tam
1173 1961 1267 2022 tatra
1281 1943 1441 2042 primum¹

268 2067 317 2126 est
339 2061 527 2147 excogitata.
573 2060 631 2127 Sin
653 2067 760 2128 autern
783 2063 893 2128 ludum
915 2084 980 2126 esse
1003 2063 1129 2147 putavit
1150 2064 1235 2147 ipse,
1263 2063 1347 2147 quod
1370 2069 1421 2128 est

266 2167 481 2244 verisimilius,
506 2170 679 2252 tyrannum
703 2171 740 2231 ut
760 2167 957 2251 appellemus
979 2189 1068 2245 eum,
1091 2173 1235 2252 oportet,
1265 2168 1419 2248 omnium,

834 2289 853 2325 ὓ

265 2378 333 2444 eins
352 2376 446 2461 jaden
470 2374 600 2461 adchtig
622 2376 715 2442 erbar
737 2372 856 2461 gamit.

354 2480 467 2548 Solche
489 2481 552 2545 leib
575 2482 638 2546 uud
662 2482 819 2568 seeleigen
842 2483 913 2546 sind
930 2483 988 2547 wir
1005 2481 1085 2547 auch
1101 2483 1201 2548 under
1217 2483 1287 2547 dem
1301 2481 1417 2566 Bapst-

265 2587 379 2653 thumb
401 2607 553 2672 genesen.
601 2585 643 2649 m
675 2587 731 2652 hat
759 2589 834 2652 aber
857 2587 913 2650 der
935 2585 1037 2670 Bapst
1059 2587 1108 2650 nit
1130 2588 1191 2652 mit
1213 2609 1273 2652 uns
1296 2587 1418 2673 gehan-

265 2692 350 2771 delt,
385 2691 443 2756 wie
465 2691 567 2756 einem
592 2691 763 2777 zuchtigen
794 2693 925 2757 erbareu
956 2713 1055 2756 mann
1085 2692 1245 2770 zustehet,
1279 2694 1418 2758 eondern

264 2797 348 2863 allen
372 2795 550 2862 mttuillen
572 2817 674 2883 gegen
698 2819 758 2863 uns
789 2797 1004 2882 gebrauchet,
1037 2799 1100 2862 und
1135 2820 1195 2862 uns
1228 2799 1278 2863 nit
1304 2799 1419 2863 andere

263 2903 366 2968 weder
387 2902 475 2966 aeine
496 2901 588 2986 pferd
610 2901 676 2966 und
705 2901 874 2980 maulesel,
909 2903 983 2966 oder
1014 2901 1129 2966 andere
1157 2902 1420 2988 unverullnfftige

264 3008 349 3073 thiar
372 3008 404 3071 in
428 3007 489 3072 den
512 3007 627 3072 karren
651 3010 837 3091 gespannet‚
861 3006 905 3069 im
929 3005 1059 3090 allerley
1076 3005 1180 3070 dienst
1200 3007 1279 3070 nach
1296 3006 1418 3070 seiuem

264 3111 402 3198 gefallen
420 3115 458 3176 ah
474 3097 595 3177 leieten.
628 3110 695 3175 Eat
710 3110 778 3176 sich
801 3132 896 3175 unser
919 3109 1130 3175 schwachheit
1154 3112 1218 3175 und
1241 3111 1418 3175 unwissen-

262 3217 331 3284 heit
352 3238 409 3303 gar
433 3217 483 3282 nit
505 3218 672 3294 erbarmet,
696 3215 810 3281 ecnder
831 3216 940 3280 seineu
957 3215 1093 3280 vortheil
1116 3215 1181 3280 und
1205 3221 1280 3280 nuta
1302 3215 1417 3280 darana

263 3323 464 3408 geschdpffet.
504 3321 578 3386 Und
602 3322 648 3386 als
670 3343 704 3386 er
726 3321 904 3407 obgemelte
926 3321 1204 3386 kauffmanechafft
1225 3322 1258 3385 in
1274 3321 1325 3386 die
1339 3321 1418 3388 walt

263 3427 481 3506 ausschicket,
517 3427 573 3492 hat
604 3449 653 3492 ers
686 3428 842 3492 entweder
865 3427 918 3492 lllr
940 3409 1018 3513 grite
1040 3427 1127 3492 wahr
1151 3426 1318 3511 gehalteu,
1352 3426 1419 3490 und

263 3531 416 3596 ernetlioh
432 3532 601 3616 gemeinet,
618 3533 692 3598 oder
709 3533 766 3598 hat
780 3534 864 3597 selba
881 3534 981 3598 damit
997 3537 1165 3618 gespottet
1201 3531 1333 3596 Hatera
1349 3554 1417 3596 nun

262 3638 416 3703 ernttlich
437 3639 604 3722 gemeinat,
628 3659 664 3702 so
687 3659 757 3702 mus
780 3661 814 3704 er
837 3639 892 3704 dar
912 3640 1000 3702 recht
1016 3636 1189 3702 Endchriat
1210 3639 1289 3716 sein,
1313 3637 1415 3702 under

262 3740 408 3806 walchem
432 3741 554 3806 aolcher
577 3742 693 3826 grewel
725 3743 914 3808 antetandeu
944 3743 995 3807 iat.
1042 3742 1110 3808 Hat
1141 3763 1175 3806 er
1208 3741 1283 3807 aber
1313 3743 1417 3806 damit

263 3851 425 3932 gespottet
447 3846 520 3928 (wie
542 3865 575 3910 es
598 3847 682 3912 daun
706 3848 868 3933 glaublioh
893 3849 948 3933 ist)
972 3871 1006 3914 so
1022 3856 1092 3914 mlta
1109 3870 1143 3914 er
1155 3850 1189 3932 ja
1205 3849 1260 3912 der
1274 3851 1417 3933 grdesest

262 3949 390 4033 Tyrann
415 3951 492 4028 sein,
516 3950 571 4014 der
594 3951 623 4015 ie
647 3953 715 4017 auff
735 3955 829 4020 erden
852 3973 995 4039 genesen
1019 3954 1076 4034 iet,
1112 3952 1271 4030 nilmlich,
1304 3953 1417 4017 deser

260 4075 330 4130 uus,
353 4055 440 4117 scine
454 4077 541 4120 arme
554 4057 617 4124 leib
633 4059 697 4124 uud
714 4060 881 4146 seeleigeu,
905 4061 956 4124 nit
971 4059 1066 4126 allein
1083 4060 1116 4123 iu
1132 4059 1216 4122 diser
1231 4057 1416 4124 erechrtck-

260 4156 364 4222 lieheu
394 4159 622 4230 uouissenheit
655 4165 820 4251 gelassen,
855 4166 920 4230 und
942 4167 1008 4230 sich
1032 4187 1143 4230 unsere
1165 4163 1286 4228 ellends
1309 4162 1416 4228 niehts

259 4266 438 4345 erbarmet,
467 4268 582 4339 sunder
604 4269 684 4334 auch
707 4271 762 4334 das
785 4291 819 4334 er
840 4271 982 4335 daneben
1006 4291 1101 4336 unser
1124 4269 1196 4334 blut
1218 4271 1282 4334 uud
1306 4269 1417 4334 marck

259 4391 476 4458 amgeeogen,
511 4373 566 4437 dae
598 4374 663 4450 ist,
697 4393 811 4438 unsere
833 4373 946 4438 hasten
969 4373 1134 4459 ausgefegt
1157 4373 1223 4440 hat.
1268 4373 1416 4440 Darumb
