3172 4958
714 347 755 410 43

160 515 352 582 naturaliter
376 517 536 584 societatis
559 517 696 584 amatrix
718 541 790 584 mox
813 520 920 599 dolet,
956 520 983 584 si
1015 521 1049 584 in
1080 522 1198 603 puncto
1220 536 1312 582 suum

161 619 346 686 dissolvitur
369 624 503 705 corpus?
526 621 645 687 Verum
669 644 740 687 cum
763 646 782 688 a
806 625 963 710 principio
986 623 1072 688 Deus
1095 626 1232 690 creasset
1254 620 1312 685 ho·

160 724 396 805 minemunum,
412 748 485 791 mox
497 725 612 792 dixisse
627 726 846 813 subjungitur:
869 749 933 794 nou
946 731 994 792 est
1006 727 1134 806 bonnm,
1149 725 1310 792 hominem

160 851 227 893 esse
249 830 361 908 solnm,
385 830 538 895 faciamus
561 830 590 895 ei
613 831 804 914 adjutorium
820 831 1005 897 similesibi.
1051 830 1177 895 Habere
1192 831 1311 914 quippe

133 954 340 1018 scomparem
367 939 414 1000 est
443 935 602 1018 possidere
635 935 856 1019 coadjutorem.
906 935 1040 1020 Propter
1069 935 1128 1001 hoc
1158 933 1311 1018 siquidem
1347 997 1351 1005 Δ

164 1037 226 1104 dno
248 1038 347 1104 creati
369 1039 559 1117 suntoculi,
582 1039 641 1105 alae
664 1041 742 1120 duae,
766 1061 878 1106 manus
902 1040 1035 1104 totidem
1057 1043 1090 1106 et
1100 1039 1193 1123 pedes
1209 1037 1311 1104 duali-

163 1148 230 1210 tate
251 1145 440 1224 consimiles,
464 1148 501 1210 nt
522 1147 707 1230 pluralitate
730 1168 933 1212 numerorum
956 1146 1123 1212 etunitate
1137 1143 1311 1210 formarum

163 1251 312 1316 membris
341 1251 488 1316 omnibus
520 1273 536 1316 e
567 1252 664 1316 simili
688 1252 843 1336 adjutorio
872 1251 915 1316 sit
945 1251 1116 1336 provisum.
1164 1249 1214 1313 Ad
1236 1245 1312 1331 qnid

161 1353 313 1419 nimirum
347 1359 534 1420 mnstructae
567 1360 644 1420 sunt
674 1356 785 1434 urbes,
828 1355 965 1420 collectae
998 1355 1142 1420 civitates
1171 1352 1313 1437 legisque
1439 1425 1444 1436 ¹

122 1485 148 1520 ιο
163 1458 281 1524 foedere
310 1460 455 1524 adunctae
477 1459 617 1544 politiae,
649 1461 711 1525 nisi
741 1464 777 1525 ut
804 1460 919 1525 civium
942 1459 1129 1542 obsequioso
1152 1455 1312 1524 consortio

163 1565 230 1628 sint
252 1586 315 1629 non
344 1565 445 1630 solum
468 1563 671 1644 sufficientes,
694 1565 758 1630 imo
781 1564 1052 1650 tranquillissimae
1074 1585 1123 1628 res
1145 1561 1313 1626 humana?

165 1668 249 1746 Quid
272 1671 372 1756 ergo?
403 1691 449 1734 voe
472 1671 549 1749 soli,
573 1671 740 1755 quiscum
766 1670 910 1735 instabili
932 1670 1010 1755 pede
1032 1666 1187 1752 superbiae
1209 1665 1312 1730 venti·

163 1773 248 1838 latus
279 1772 499 1839 indubitanter
528 1775 691 1852 ceciderit,
725 1775 875 1838 societate
907 1774 1050 1858 privatus
1080 1770 1312 1837 sublevativum

164 1877 356 1962 adjutorium
378 1901 442 1943 non
466 1878 606 1944 hebebit.
652 1878 806 1943 Attamen
838 1877 989 1943 animalia
1021 1877 1192 1942 domestica
1218 1873 1314 1938 turba

121 2011 150 2048 rs
166 1983 288 2060 vivunt,
311 1987 440 2062 estere,
472 1987 627 2068 qnantum
649 1986 800 2067 possunt,
824 2006 857 2048 se
879 1987 995 2048 natura
1015 1981 1136 2065 politiae
1158 1979 1311 2057 incolunt,

165 2091 197 2152 et
221 2088 257 2167 is,
282 2089 336 2171 qui
359 2087 445 2173 fugit
467 2088 671 2165 consortium,
694 2092 750 2152 aut
774 2092 821 2153 est
844 2071 987 2152 rabiosus
1010 2090 1066 2150 cut
1081 2083 1221 2160 eremita,
1245 2103 1313 2146 ere-

165 2191 245 2256 mite
267 2212 340 2256 vero
362 2192 464 2256 socius
492 2195 541 2256 est
563 2191 711 2258 Deorum.
759 2190 881 2270 Quibus
913 2189 1005 2256 dictis
1034 2191 1163 2256 tristem
1192 2186 1314 2254 dimisit

164 2294 348 2360 solitudinis
372 2300 554 2361 amatorem.

338 2504 489 2571 Contra
511 2507 746 2591 appetitum
767 2504 1130 2591 principalitatis.

120 2707 152 2744 so
398 2678 453 2744 De
475 2657 695 2744 voluntate
718 2683 758 2744 et
779 2681 933 2757 anime,
958 2703 1026 2764 cap.
1051 2685 1081 2746 8.

252 2815 468 2901 Superbientis
499 2818 671 2902 voluptatis
704 2819 851 2903 cupidine
883 2821 1031 2885 voluntas
1065 2841 1137 2884 cum
1172 2818 1311 2885 naturali

165 2921 276 2986 relicto
298 2923 455 3010 principio
485 2925 579 2989 vellet
601 2926 704 3008 ipsum
728 2925 922 3010 principium
946 2926 1007 2990 sibi
1031 2947 1107 3004 esse,
1124 2925 1212 2994 ratio
1236 2946 1308 2988 sen·

165 3025 248 3090 tiens
272 3027 382 3092 statim
406 3029 502 3092 dixit:
534 3028 610 3112 quid
632 3028 693 3093 boc
715 3033 781 3105 est,
805 3051 910 3108 soror,
935 3029 1019 3114 qnod
1041 3029 1155 3113 cupis?
1188 3027 1233 3093 At
1256 3028 1314 3093 illa

166 3131 348 3214 respondit:
380 3133 460 3198 mihi
490 3138 574 3198 certe
604 3133 796 3218 principium
828 3134 922 3218 cupio
952 3134 1039 3211 lieri,
1073 3139 1108 3198 ut
1140 3134 1315 3198 desiderata

124 3267 151 3306 rs
166 3235 315 3324 omnibus
338 3237 525 3303 celsitudine
548 3239 666 3322 possim
689 3238 761 3304 frui.
809 3239 899 3304 Tunc
922 3239 1003 3304 ratio
1035 3239 1157 3322 inquit:
1190 3241 1314 3302 tantam

166 3339 268 3426 igitur
290 3341 558 3424 pulchritudinem
587 3344 726 3408 universi
748 3345 785 3408 in
807 3343 1041 3409 deformitatem
1064 3344 1110 3407 vis
1134 3346 1315 3408 monstruo-

167 3467 235 3512 sam
268 3451 449 3512 convsrtere
483 3453 515 3514 et
545 3449 774 3534 speciosissimo
805 3450 930 3535 corpori
960 3449 1114 3514 machinae
1144 3447 1316 3512 mundialis

167 3553 264 3634 caput
299 3557 484 3618 extraneum
524 3555 647 3619 moliris
689 3553 828 3641 inferre?
873 3554 969 3620 Absit
1007 3554 1065 3618 hoc
1096 3551 1317 3618 inaestimabile

168 3655 281 3720 vitium
305 3661 390 3722 ate!
415 3659 538 3743 Quippe
560 3661 587 3722 si
609 3661 746 3724 mundus
769 3660 828 3725 lroc
850 3659 999 3735 senserit,
1023 3661 1186 3741 tamquam
1209 3657 1242 3720 in
1266 3657 1315 3720 sui

127 3790 154 3827 so
168 3760 290 3824 ordinis
312 3767 344 3827 et
365 3763 613 3847 pulchritudinis
636 3764 862 3849 corruptricem
885 3764 1049 3829 adversum
1065 3767 1096 3828 te
1112 3767 1198 3827 totus
1213 3761 1316 3826 hosti·

168 3865 244 3931 liter
266 3889 298 3930 se
320 3869 467 3946 armabit,
491 3870 695 3952 quoniamst
717 3870 820 3954 magis
845 3891 989 3955 arguam,
1013 3869 1095 3952 quod
1119 3867 1250 3931 minime
1269 3870 1317 3930 est

169 3971 335 4056 prudentis
358 3973 398 4038 ad
420 3974 617 4058 impossibile
650 3976 721 4040 niti.
767 3974 888 4039 Verum
923 3974 1005 4058 quod
1039 3996 1058 4038 a
1089 3977 1121 4038 te
1152 3973 1220 4056 ipsa
1251 3992 1316 4036 nou

168 4075 276 4155 fueris,
299 4079 459 4162 appetitus
472 4079 718 4164 principalitatis
741 4079 891 4145 ostendit.
923 4076 1051 4160 Nullus,
1068 4079 1150 4162 quod
1166 4076 1315 4160 possidet,

169 4181 276 4266 cupit,
301 4183 354 4248 sed
377 4183 459 4268 quod
482 4207 502 4248 a
516 4184 685 4270 semetipso
708 4188 773 4262 est,
798 4185 829 4249 id
846 4184 1033 4249 naturaliter
1049 4182 1240 4269 principium
1258 4183 1316 4246 est.

129 4310 155 4348 aa
172 4287 383 4366 Quamobrem
405 4289 432 4354 si
456 4311 474 4352 e
498 4289 620 4374 teipsa
643 4289 769 4368 fuisses,
793 4310 858 4353 non
881 4287 1151 4373 principalitatem
1178 4307 1316 4370 cuperes,

170 4391 225 4456 sed
247 4391 387 4459 haberes.
421 4392 527 4480 Igitur
549 4395 576 4458 si
599 4394 726 4460 aliunde
750 4415 792 4473 es,
816 4393 884 4460 fore
898 4397 931 4460 te
946 4391 1170 4479 principiatem
1186 4391 1315 4480 dignos·
