3146 4962
830 329 895 394 230

288 511 354 571 tam
379 507 411 569 et
434 505 692 626 inspirationem
698 508 731 570 et
752 504 878 582 omnia,
903 508 935 568 et
957 526 1015 588 pro
1037 508 1129 569 tanto
1151 505 1229 569 dicit
1250 503 1449 588 ¹(lbrysosto-

289 821 486 887 Bernardus.
519 823 585 886 avis
617 821 821 906 rapacissima
851 825 1002 887 contenta
1029 826 1078 886 cst
1108 843 1194 900 aere,
1224 821 1320 906 lupus
1345 824 1447 896 terra,

263 928 391 993 5lucius
415 949 506 1011 aqua,
531 927 583 991 sed
596 927 690 991 homo
713 930 853 1011 raptort
854 947 966 1005 erram,
991 947 1115 1010 aquam,
1139 931 1242 990 aerem
1265 928 1298 988 et
1313 923 1446 1000 coelum,

288 1034 316 1098 si
338 1037 461 1118 posset,
493 1033 559 1096 suis
588 1031 793 1096 nutrimentis
826 1030 986 1116 spoliaret.
1031 1029 1106 1096 Non
1138 1031 1223 1095 enim
1245 1030 1326 1094 tales
1349 1031 1449 1091 erant

289 1139 414 1222 antiqui
436 1139 605 1222 principes,
634 1137 687 1200 sed
709 1157 768 1201 oon
771 1135 909 1201 tinentia
930 1135 1014 1222 gulae
1035 1137 1195 1221 vigebat'
1185 1159 1220 1200 ιιι
1244 1137 1292 1201 iis.
1340 1133 1448 1200 Prout

288 1244 334 1309 ait
355 1242 508 1328 Vegetius
530 1243 568 1307 de
591 1263 625 1306 re
647 1240 732 1304 milit
733 1239 836 1308 ariL.
860 1240 928 1318 X⁰,
952 1240 1008 1306 ubi
1029 1241 1172 1325 loquitur
1188 1241 1226 1305 de
1242 1241 1447 1306 continentia

289 1349 488 1434 principum:
526 1347 563 1411 de
591 1345 774 1410 Alexandro
798 1346 933 1423 dicitur,
966 1346 1090 1431 quod
1081 1369 1113 1410 ιιι
1134 1347 1250 1412 itinere
1271 1345 1446 1410 ambulans

252 1464 277 1506 1⁰
291 1475 362 1519 cum
395 1453 536 1536 antiquis
566 1454 695 1534 accepto
725 1473 809 1535 pane
842 1452 923 1516 vesci
946 1451 1058 1516 solitus
1081 1457 1157 1516 erat.
1203 1451 1291 1516 Idem
1320 1450 1446 1535 legitur

290 1559 329 1624 de
351 1557 496 1641 Scipione
518 1554 701 1621 AEmiliane
748 1556 840 1622 Unde
870 1560 901 1620 et
923 1554 1024 1620 Gatho
1048 1556 1127 1640 legit
1128 1579 1165 1619 ur
1113 1555 1285 1620 tinisse
1308 1559 1445 1619 conten·

290 1666 397 1728 tentus
427 1662 518 1739 vino,
550 1681 613 1743 quo
643 1661 779 1745 remiges
809 1661 875 1726 sive
904 1661 986 1725 servi
1015 1661 1204 1745 navigantes
1235 1660 1444 1745 potabantur.

290 1767 332 1832 Et
354 1767 392 1832 de
414 1765 595 1831 Hannibale
619 1765 697 1850 legit
698 1786 753 1842 ur,
779 1767 861 1849 quod
893 1770 969 1830 ante
991 1769 1115 1830 noctem
1138 1786 1201 1829 non
1224 1765 1446 1849 requiescebat

290 1872 382 1936 etde
405 1874 496 1936 nocte
519 1890 647 1955 surgere
675 1869 787 1934 solitus
823 1875 892 1936 erat
923 1871 995 1935 et
987 1892 1019 1934 ιιι
1043 1870 1226 1954 crepusculo
1255 1870 1294 1934 ad
1318 1891 1443 1934 coenam

251 2003 277 2042 re
291 1975 430 2042 vacabat.
476 1975 653 2040 Ibidemt
621 1977 717 2041 etiam
739 1983 849 2043 narrat
864 1977 902 2043 de
926 1977 1124 2044 continentia
1147 1977 1325 2042 admirabili
1351 1999 1442 2042 exer·

290 2081 371 2146 citus
394 2079 453 2143 sub
476 2079 582 2144 Marco
600 2079 721 2160 satire,
745 2083 838 2166 quod,
863 2104 934 2147 cum
957 2085 1041 2146 esset
1065 2081 1159 2147 arbor
1182 2081 1346 2165 pomifera,
1373 2083 1444 2167 ipsa

291 2187 329 2250 de
351 2188 526 2250 castrorum
549 2183 728 2250 hominibus
751 2192 877 2271 postera
909 2188 959 2253 die
981 2187 1112 2252 intactis
1134 2187 1291 2251 fructibus
1315 2193 1367 2252 est
1392 2211 1442 2253 re-

291 2290 375 2356 licta.
421 2289 591 2374 Legitur
581 2313 616 2354 ιιι
640 2291 725 2356 Gest'
701 2295 743 2356 trs
765 2292 997 2370 Romanorum,
1029 2292 1112 2376 quod
1136 2293 1301 2378 Augustus
1336 2292 1444 2359 Caesar

291 2395 416 2463 minimi
438 2395 501 2460 cibi
524 2399 602 2473 erat,
624 2418 738 2480 panem
761 2402 793 2462 et
815 2396 983 2483 pisciculos
1006 2397 1147 2462 minutos
1175 2402 1207 2462 et
1229 2419 1354 2463 cescum
1382 2401 1441 2464 bu-

253 2501 438 2567 nebulinum
460 2521 556 2564 manu
578 2521 719 2584 pressum
751 2506 783 2566 et
804 2503 881 2566 ficus
905 2501 1020 2566 virides
1043 2501 1214 2590 appetebat
1239 2505 1442 2570 vescebatur·

291 2629 351 2692 que
374 2625 560 2689 quoeunque
582 2605 650 2669 loco
674 2608 706 2670 et
728 2610 887 2690 tempore,
911 2605 994 2690 quod
1017 2605 1198 2671 stomachus
1220 2608 1441 2674 desiderasset.

291 2711 334 2776 Et
355 2733 420 2775 non
442 2711 546 2774 solum
568 2711 765 2776 continentia
788 2711 871 2796 gula
893 2710 1022 2795 vigebat
1045 2710 1079 2775 in
1095 2711 1188 2790 vinis,
1212 2712 1383 2778 sedetiam
1409 2715 1441 2777 in

291 2817 418 2881 feminis
441 2814 535 2880 solita
558 2815 629 2894 luit,
658 2837 697 2881 ne
721 2817 754 2880 in
777 2816 905 2900 aliquod
929 2816 1061 2883 dedecus
1085 2817 1337 2901 prolaberentur,
1365 2821 1443 2902 quia

291 2922 395 2986 vicina
417 2925 493 2984 sunt
515 2919 577 2984 sibi
593 2926 701 2986 venter
725 2927 757 2986 et
773 2921 935 3008 genitalia.
981 2921 1070 2987 Dicit
1086 2923 1303 3006 Augustinus:
1327 2929 1441 2988 venter

253 3047 279 3088 ιι
292 3047 378 3092 mero
400 3028 537 3092 aestuans
559 3027 622 3090 cito
645 3026 809 3111 despumat
832 3028 864 3091 in
889 3026 1062 3094 libidinem.

532 3198 589 3264 De
610 3201 774 3266 rustico
797 3205 836 3266 et
858 3203 1021 3286 apibus,
1045 3202 1118 3268 dial.
1144 3205 1195 3266 84.

378 3339 527 3404 Rusticus
558 3339 685 3424 quidam
717 3339 832 3405 multas
864 3361 937 3424 apes
969 3341 1003 3405 in
1025 3342 1163 3407 alveario
1191 3343 1370 3421 nutriebat,
1403 3345 1440 3407 de

293 3445 407 3530 quibus
430 3443 532 3509 multa
554 3444 744 3521 lucrabatur,
767 3449 874 3509 tamen
890 3446 1142 3530 quandocunque
1156 3447 1195 3515 de
1210 3448 1327 3512 aculeis
1342 3470 1439 3532 apum

293 3551 484 3637 accipiebat,
507 3571 578 3616 cum
600 3550 689 3615 favos
711 3549 815 3615 mellis
837 3552 1034 3635 exportabat.
1079 3551 1220 3627 Quadam
1243 3557 1349 3617 autem
1372 3552 1440 3617 rice

254 3656 452 3722 conculcatus
476 3655 587 3734 doluit,
614 3659 744 3741 propter
767 3657 849 3739 quod
872 3657 1060 3743 indignatus
1083 3657 1196 3742 apibus
1211 3658 1329 3722 minari
1343 3658 1440 3740 coepit

292 3761 415 3826 dicens:
439 3761 591 3846 promitto
613 3761 681 3827 Deo
704 3766 736 3826 et
759 3762 864 3840 nobb,
896 3763 1038 3847 quodsi
1061 3785 1111 3827 me
1132 3761 1439 3848 pluspupugeritis,

292 3865 498 3951 praecipitabo
519 3886 574 3931 vos
596 3870 629 3930 et
649 3868 849 3950 propulsabo.
896 3867 954 3933 Cui
977 3891 1066 3955 apes:
1099 3875 1136 3933 tu
1167 3868 1248 3933 bene
1278 3869 1325 3932 vis
1348 3868 1438 3932 oolli-

292 3993 380 4058 gere,
411 3971 544 4049 rustice,
575 3972 613 4036 de
637 3972 779 4050 dulcore,
813 3973 867 4038 sed
895 3975 1013 4039 sentire
1035 3975 1148 4039 nonnis
1170 3973 1208 4037 de
1231 3973 1355 4051 dolore,
1389 3971 1439 4037 fer

293 4078 327 4141 in
349 4098 425 4161 pace
447 4077 611 4155 amariora,
635 4079 661 4141 si
684 4081 718 4142 tu
742 4079 831 4162 cupis
847 4079 996 4159 dulciora,
1021 4080 1162 4163 alioquin
1179 4078 1438 4161 terelinqucmus

258 4203 351 4247 senec
373 4183 523 4247 danobis
546 4183 685 4250 lucratus
708 4184 779 4248 eris.
826 4183 975 4250 Rusticus
1005 4190 1110 4251 eutem
1139 4185 1268 4248 veniens
1290 4185 1363 4248 dum
1387 4183 1437 4248 fa

293 4307 368 4350 vum
390 4287 492 4352 mellis
516 4288 688 4374 colligeret,
712 4290 855 4373 quaedam
878 4292 946 4375 apis
968 4292 1072 4376 ipsum
1095 4291 1265 4368 aculeavit,
1296 4311 1437 4373 proquo

293 4388 483 4456 furibundus
504 4392 633 4459 effectus
655 4399 769 4460 cuncta
791 4396 929 4461 alvearia
951 4419 1046 4481 apum
1070 4396 1181 4480 dejecit
1203 4400 1236 4460 et
1249 4395 1434 4460 devastavit.
1492 4383 1493 4386 ¹

288 717 431 783 contenti
454 739 520 782 esse
543 717 701 795 debemus
726 717 764 780 dc
787 739 849 800 quo
872 716 1009 800 largitur
1031 715 1126 780 Deus.
1145 616 1232 780 tSed
1255 659 1342 780 sicui
1364 713 1449 777 dicit
1544 787 1545 790 Ἴ
