3160 4960
652 1243 869 1330 Prologus.

268 1401 447 1470 Secundum
455 1399 1334 1486 AristotelissententiaminProblematibusauisquam-

184 1530 279 1592 quarn
301 1508 335 1571 in
358 1509 511 1592 exemplis
533 1509 566 1572 in
584 1504 758 1573 discendo¹
780 1505 940 1590 gaudeant
963 1528 1082 1585 omnes,
1107 1508 1141 1580 in
1158 1507 1334 1592 disciplinis

184 1609 357 1676 moralibus
379 1613 558 1678 hoctamen
582 1611 718 1698 amplius
732 1611 843 1694 placet,
868 1613 1017 1696 quoniam
1035 1617 1195 1679 structura
1210 1635 1334 1678 morum

156 1736 241 1782 oceu
256 1718 404 1804 ymagine
420 1718 507 1804 piola
524 1739 630 1782 rerum
646 1715 909 1781 similitudinibus
922 1716 1077 1800 paulatim
1090 1717 1218 1782 virtutis
1227 1723 1333 1784 osten·

185 1822 280 1900 ditur,
304 1844 341 1887 co
357 1823 439 1906 quod
453 1845 490 1888 ex
507 1822 599 1886 rebus
610 1819 819 1896 naturalibus,
840 1819 1040 1900 animalibus,
1062 1820 1202 1885 moribus
1216 1826 1247 1886 et
1259 1845 1333 1906 pro-

184 1928 374 2011 prietatibus
383 1947 489 1992 rerum
505 1926 594 2010 quasi
605 1925 642 1989 de
658 1923 737 1989 vivis
750 1923 943 2010 imaginibus
956 1923 1102 1990 humanae
1115 1926 1188 1990 vitae
1197 1926 1335 2012 qualitas

185 2032 391 2116 exemplatur.
438 2031 538 2096 'Potus
566 2030 684 2095 etenim
706 2028 843 2092 mundus
866 2028 1000 2092 visibilis
1024 2033 1072 2094 est
1095 2030 1203 2095 schola
1226 2035 1258 2095 ct
1281 2053 1333 2096 ra-

186 2137 327 2203 tionibus
350 2136 514 2221 sapientia
537 2134 631 2219 plena
654 2136 731 2198 sunt
753 2133 869 2196 omnia.
913 2131 1049 2216 Propter
1070 2134 1140 2213 hoc,
1164 2135 1212 2199 fili
1236 2136 1334 2200 caris-

145 2262 171 2299 ro
186 2241 281 2321 sime,
307 2241 513 2306 informativa
537 2239 715 2326 juventutis
747 2241 821 2302 tuae
844 2239 1032 2303 documenta
1053 2240 1185 2305 moralis
1208 2263 1271 2306 non
1297 2242 1335 2306 de

187 2351 297 2411 nostra
331 2349 518 2430 paupertate
551 2345 709 2410 stillantia
744 2345 798 2410 sed
832 2343 869 2408 de
902 2365 983 2408 vena
1016 2343 1242 2430 magistrorum
1276 2345 1337 2410 tibi

75 2459 86 2476 ’
187 2473 272 2516 nuno
292 2451 427 2516 scribere
443 2451 606 2535 cupientes
628 2471 700 2515 cum
723 2448 880 2532 adjutorio
902 2448 1016 2534 gratiae
1031 2447 1090 2513 Dei
1107 2471 1143 2515 aa
1164 2451 1335 2532 trademus,

186 2559 224 2619 ut
246 2555 408 2642 intelligas
432 2556 546 2620 clarius
569 2577 605 2621 ac
626 2555 767 2620 addiscas
790 2553 925 2632 facilius,
949 2557 1056 2639 gustes
1078 2557 1215 2637 suavius,
1240 2556 1335 2622 remi·

187 2659 319 2726 nisoaris
341 2661 482 2726 tenacius
505 2683 561 2746 per
583 2661 706 2725 fabulas
729 2659 913 2745 figurarum.
959 2657 1019 2725 Sed
1034 2660 1183 2744 quoniam
1199 2666 1336 2746 quatuor

146 2755 358 2830 invirtutibus
388 2765 638 2851 principalibus,
675 2764 795 2830 scilicet
831 2765 1020 2850 prudentia,
1058 2767 1334 2851 magnanimitate,

183 2869 312 2950 justitia
340 2874 373 2935 et
402 2871 556 2936 modestia
578 2871 744 2935 aedificium
767 2875 860 2935 rectae
882 2871 956 2935 vitae
978 2871 1182 2954 praeluditur
1206 2875 1238 2936 et
1260 2871 1335 2936 fun·

187 2973 289 3038 datur.
336 2971 412 3040 Haeo
434 2976 519 3040 enim
543 2979 617 3040 sunt
641 2974 834 3060 quadratura
859 2975 1055 3040 tabernaculi
1071 2976 1191 3041 domini
1209 2981 1241 3041 et
1257 2998 1336 3060 qua-

186 3080 261 3142 tuor
284 3077 367 3144 bona
389 3077 453 3145 Job
471 3103 507 3146 ac
521 3081 577 3145 illa
601 3102 670 3165 quae
685 3077 897 3146 Nabuzardan
914 3080 1072 3145 destruxit
1087 3080 1121 3144 in
1136 3081 1338 3147 subversione

188 3181 398 3262 Hierusalem,
422 3187 577 3270 templum
600 3186 773 3269 sapientia,
798 3208 923 3250 murum
946 3185 1035 3250 urbis
1058 3185 1203 3249 virtualis
1225 3189 1337 3269 poten·

148 3307 175 3346 ao
189 3286 261 3365 tiae,
293 3286 476 3372 palatium²
498 3291 616 3375 regina
635 3291 768 3374 justitiae
798 3311 836 3357 ao
859 3291 966 3355 domos
992 3269 1201 3368 Hierusalem,
1229 3311 1337 3372 pacem

189 3391 360 3470 modestia,
384 3414 400 3457 e
424 3393 539 3477 quibus
561 3394 730 3478 prudentia
752 3395 801 3458 vir
823 3395 989 3458 ordinatur
1012 3394 1045 3457 in
1069 3393 1181 3471 Deum,
1206 3415 1338 3478 magna-

188 3496 336 3561 nimitate
358 3518 432 3562 vero
455 3498 489 3561 in
514 3498 727 3581 semetipsum,
751 3498 784 3561 in
808 3497 947 3562 adversis
971 3520 1010 3562 ne
1034 3498 1156 3563 decidat
1178 3501 1209 3562 et
1231 3500 1337 3564 mode-

189 3600 310 3666 ranime
327 3601 361 3666 in
384 3605 543 3687 prosperis
565 3625 604 3668 ne
627 3603 800 3670 mollescat.
846 3602 906 3669 Sed
930 3603 1191 3687 quemadmodum
1211 3604 1340 3688 justitia

190 3706 368 3772 rectificat⁴
390 3709 423 3771 in
439 3709 628 3792 proximum,
653 3709 699 3773 sio
723 3709 891 3793 prudentia
906 3709 1008 3773 noscit
1023 3708 1141 3775 bouum
1158 3709 1339 3793 eligendum

150 3833 176 3872 rs
190 3811 371 3896 malumque
393 3813 568 3879 vitandum.
615 3814 657 3878 ut
690 3814 773 3879 siout
798 3814 925 3897 justitia
957 3812 1035 3878 facit
1057 3814 1176 3878 bonurn
1199 3815 1246 3878 ita
1270 3836 1338 3879 mo-

188 3917 290 3982 destia
310 3919 393 3984 vitat
405 3920 535 3998 malum,
561 3919 825 4006 magnanimitate
841 3940 913 3984 vero
936 3917 1150 3982 interiorum⁵
1173 3919 1249 3983 ordo
1273 3923 1339 3983 sta·

190 4021 302 4088 bilitur
322 4024 488 4091 virtutum.
526 4025 728 4110 Consequens
752 4027 800 4088 cst
822 4044 908 4110 ergo,
933 4028 969 4087 ut
992 4027 1127 4106 quatuor
1150 4045 1339 4110 magnorum

759 4144 775 4182 lt

262 4230 275 4285 l
304 4230 391 4300 Ansg.
417 4229 599 4287 ascendendo.
699 4233 716 4286 2
752 4231 863 4286 Ardere
887 4229 1047 4301 unrichtig:
1077 4231 1187 4301 palatio
1209 4231 1341 4288 ostendit.

190 4319 208 4374 3
225 4316 348 4373 Andere:
368 4317 483 4373 Vestra.
538 4319 555 4372 4
575 4319 695 4374 audere:
713 4318 891 4374 rectificatur.
955 4321 970 4374 5
991 4317 1113 4373 Andera:
1131 4318 1265 4386 interius;
1284 4319 1343 4375 und

190 4403 293 4462 wieder
311 4404 414 4461 andere
432 4405 509 4461 lesan
526 4406 598 4460 sratt
617 4403 766 4460 »interius«
785 4405 898 4462 iterum.

1092 4493 1133 4563 1*
