3146 4962
722 308 782 371 nc]

181 482 251 548 nari
275 487 406 567 propter
429 483 596 566 pecuniam
621 482 866 566 acquirendam,
899 483 950 547 sed
983 487 1113 568 propter
1135 485 1270 570 gloriam
1299 489 1332 549 et

180 587 361 673 reipublicae
385 588 572 653 custodiam.
627 587 718 652 Unde
750 592 860 653 narrat
889 587 1034 653 Valerius
1064 589 1118 652 lib.
1142 588 1202 654 Ill.
1238 588 1330 654 .Cum

181 692 286 776 Scipio
309 698 509 758 accusaretur
531 695 613 778 apud
639 697 781 757 senatum
813 693 852 756 de
873 694 1024 776 pecunia,
1048 695 1227 778 respondit:
1258 717 1329 760 cum

180 801 281 863 totam
304 797 446 863 Africam
469 799 620 883 potestati
646 801 757 862 vestrae
780 797 984 880 subjecerim,
1016 799 1061 862 nil
1094 820 1131 862 ex
1163 821 1215 877 ea,
1246 800 1329 883 quod

154 921 284 968 cmeum
307 903 481 981 diceretur,
514 907 629 988 praeter
652 923 825 986 cognomen
859 903 963 966 retuli.
1021 901 1096 966 Fuit
1118 903 1202 967 enim
1226 903 1329 968 dictus

180 1007 286 1092 Scipio
308 1007 498 1086 Africanae,
535 1009 610 1090 quia
632 1006 775 1072 Africam
805 1006 929 1071 devicit.
976 1005 1097 1074 Narrat
1123 1006 1269 1072 Valerius
1292 1010 1330 1074 de

180 1113 341 1178 Mantensi
364 1113 518 1191 Curione,
551 1114 633 1198 quod
666 1112 729 1177 fuit
763 1134 875 1177 norma
904 1133 1042 1177 romanae
1073 1112 1268 1198 frugalitatis
1298 1118 1330 1179 et

138 1213 149 1238 “
180 1219 393 1304 spectaculum
408 1218 617 1284 fortitudinis.
662 1219 741 1284 Cum
758 1218 843 1282 eninr
859 1217 957 1303 legati
973 1216 1152 1282 Samnitum
1168 1219 1330 1284 venissent

179 1325 220 1389 ad
242 1346 312 1388 eum
336 1323 534 1409 ingressique
559 1325 702 1389 viderent
717 1345 787 1388 eum
805 1343 932 1388 scamno
944 1324 1103 1388 sedentem
1116 1323 1209 1406 juxta
1223 1323 1328 1388 focum

141 1449 167 1485 10
181 1433 276 1513 atque
298 1429 404 1514 ligneo
428 1430 533 1494 catino
556 1433 746 1505 ooenantem,
778 1429 805 1492 ei
830 1450 982 1513 magnum
1006 1429 1128 1512 pondus
1151 1429 1219 1492 auri
1242 1433 1328 1493 attu-

181 1535 287 1599 lerunt
318 1539 350 1599 et
372 1534 521 1621 benignis
545 1535 650 1600 verbis
672 1535 889 1599 invitaverunt
912 1556 983 1599 eum
1005 1556 1082 1598 auro
1105 1534 1161 1598 uti.
1208 1535 1254 1598 At
1275 1535 1330 1600 ille

180 1639 303 1704 vultum
334 1639 399 1704 risu
431 1641 526 1705 solvit
561 1639 684 1704 dicens:
717 1641 751 1703 in
783 1661 914 1704 vacuum
938 1661 1050 1703 aurum
1072 1638 1244 1718 attulistis,
1275 1640 1328 1704 sed

180 1745 275 1818 dicite
304 1743 523 1823 Samnitibus,
552 1744 749 1812 blantensem
779 1743 945 1809 Curionem
987 1744 1081 1808 malle
1119 1743 1329 1828 locupletibus

180 1851 353 1935 imperare,
385 1872 480 1934 qnam
503 1851 608 1934 ipsum
632 1850 700 1915 fieri
725 1849 874 1928 divitem,
906 1853 938 1913 et
959 1849 1075 1914 referte
1098 1849 1153 1927 iis,
1184 1871 1241 1914 nec
1263 1850 1329 1914 acie

141 1973 166 2010 1⁶
181 1955 303 2020 inimici
337 1975 394 2020 nec
427 1956 560 2038 pecunia
590 1977 641 2020 me
671 1955 827 2039 corrumpi
861 1975 960 2038 posse.
1016 1953 1137 2018 Ibidem
1168 1959 1327 2032 narratur,

180 2060 280 2145 quod,
312 2060 386 2124 dum
409 2061 507 2146 legati
538 2063 628 2126 missi
651 2085 670 2126 a
692 2060 887 2126 Samnitibus
913 2060 1046 2125 Romam
1071 2060 1246 2138 venissent,
1277 2062 1327 2125 in-

180 2171 335 2231 venerunt
357 2165 550 2245 Fabricium,
573 2168 749 2253 prinoipem
775 2166 1006 2244 Romanorum,
1038 2167 1199 2230 sedentem
1219 2169 1252 2230 et
1274 2186 1327 2230 ca-

181 2275 318 2338 nentem.
365 2269 422 2335 (tui
454 2293 525 2336 cum
554 2294 613 2356 pro
636 2295 692 2337 sua
714 2272 862 2337 libertate
893 2271 996 2336 multa
1018 2271 1087 2334 auri
1109 2270 1248 2354 pondera
1270 2271 1326 2334 ob-

180 2375 339 2453 tulissent,
363 2375 417 2440 ille
440 2397 504 2440 non
528 2376 566 2441 ad
590 2376 769 2460 propriam,
793 2376 846 2440 sed
868 2376 907 2440 ad
931 2395 1130 2440 communem
1153 2374 1327 2439 utilitatem

141 2497 167 2534 2⁰
181 2479 351 2564 respiciens
373 2479 435 2543 ait:
460 2479 545 2544 abite
567 2484 599 2544 et
621 2463 732 2544 aurium
754 2485 892 2544 restrum
917 2483 1088 2563 asportate,
1112 2478 1187 2562 quia
1210 2479 1326 2544 Boma-

179 2585 214 2648 ni
236 2585 338 2670 magis
362 2585 474 2650 volunt
497 2584 654 2649 dominari
677 2584 868 2649 habentibus
891 2607 1004 2648 aurum
1026 2606 1120 2667 quam
1136 2606 1222 2650 auro.
1263 2585 1325 2648 Re-

178 2689 241 2754 fert
263 2688 464 2773 Augustinus
488 2689 525 2753 de
548 2689 676 2754 civitate
699 2689 768 2768 Dei,
793 2689 875 2772 quod
887 2687 1004 2754 Lucius
1020 2688 1176 2768 Valerius,
1200 2689 1255 2774 qui
1272 2688 1324 2754 de-

178 2795 307 2859 functus
330 2793 434 2858 estin
457 2815 514 2858 suo
544 2795 729 2872 consulatu,
761 2794 837 2859 adeo
868 2816 989 2878 pauper
1011 2792 1091 2872 fuit,
1122 2797 1157 2858 ut
1187 2795 1325 2858 nummis

6 2893 11 2902 ⁸
142 2935 149 2948 ·
179 2901 260 2985 apud
292 2919 363 2963 eum
393 2897 524 2963 minime
552 2899 691 2963 inventis
721 2922 740 2964 a
771 2899 890 2985 populo
919 2899 1083 2982 sepultura
1104 2898 1164 2962 sibi
1188 2900 1325 2964 daretur.

139 3021 166 3059 ’ὁ
179 3004 247 3090 Ipsi
258 3005 342 3070 enim
359 3004 529 3088 principes,
546 3026 616 3068 oum
633 3006 859 3090 rempublicam
876 3005 1030 3070 baberent
1043 3004 1325 3088 opulentissimam,

178 3113 211 3175 in
236 3109 380 3175 domibus
402 3108 467 3173 suis
491 3114 581 3174 erant
603 3131 765 3194 pauperes.
812 3110 903 3175 Unde
919 3111 964 3175 ait
979 3109 1180 3194 Augustinus
1195 3108 1324 3187 ibidem,

158 3216 260 3301 qnod
285 3215 413 3300 quidam
436 3237 543 3280 eorum
566 3215 671 3281 fuerat
694 3217 743 3284 bis
766 3217 895 3296 consul,
920 3217 975 3301 qui
999 3220 1111 3281 senatu
1133 3216 1244 3300 pulsus
1267 3217 1324 3290 est,

178 3343 214 3386 eo
238 3322 321 3404 (qnod
343 3322 448 3400 decem
471 3321 613 3403 pondera
635 3323 761 3407 argenti
789 3323 824 3386 in
848 3323 913 3386 suis
937 3321 1080 3387 domibus
1103 3319 1218 3385 babere
1241 3341 1324 3384 com-

178 3431 287 3511 pertus
300 3430 357 3492 est.
389 3425 470 3491 Item
487 3425 650 3491 Valerius:
673 3428 784 3517 patria
800 3449 864 3492 rem
882 3428 1097 3512 unusquisque
1111 3447 1236 3512 augere,
1260 3447 1324 3489 non

138 3548 164 3584 ³⁰
178 3553 266 3596 suam
282 3532 472 3616 procurabat
486 3554 667 3618 pauperque
679 3533 819 3598 indicite
833 3534 967 3619 imperio
983 3555 1078 3616 quam
1097 3533 1231 3597 diresin
1247 3554 1324 3616 pau·

177 3659 251 3721 pere
273 3637 390 3700 versari
414 3636 556 3717 volebat,
590 3641 623 3702 et
653 3639 744 3723 ponit
776 3638 953 3722 exemplum
977 3639 1015 3702 de
1039 3637 1238 3714 consulibus,
1270 3638 1323 3720 qui

177 3744 253 3808 adeo
275 3763 429 3826 pauperes
451 3746 558 3820 erant,
593 3744 666 3807 dum
690 3743 923 3820 moriebantur,
960 3744 1043 3827 quod
1066 3764 1129 3806 non
1153 3741 1323 3822 habebant,

177 3848 260 3912 unde
282 3846 365 3910 filias
388 3867 460 3910 suas
489 3846 653 3912 traderent
674 3849 806 3932 nuptiis.
853 3849 1032 3913 Illustrium
1055 3853 1160 3912 tamen
1184 3847 1324 3911 virorum

177 3955 293 4039 inopia
315 3974 334 4017 a
356 3956 468 4017 senatu
492 3953 731 4018 succurrebatur
758 3959 789 4019 et
813 3975 920 4018 eorum
943 3953 1024 4018 filias
1047 3952 1210 4018 consuerit
1232 3973 1323 4016 sena·

137 4083 163 4119 ss
176 4066 229 4126 tus
252 4057 481 4124 honorabiliter
504 4059 625 4143 nuptiis
639 4059 770 4124 tradere.
818 4057 863 4123 Ut
885 4060 931 4124 ait
946 4059 1146 4143 Augustinus
1174 4057 1265 4142 epist,
1283 4056 1323 4136 V,
1352 4069 1363 4086 ³

177 4167 277 4253 quod,
308 4165 362 4248 qui
386 4164 572 4248 prudentius
595 4165 782 4244 attendunt,
813 4165 885 4249 plus
908 4165 1074 4231 dolendum
1107 4187 1173 4228 esse
1203 4165 1321 4244 dicunt,

175 4275 393 4358 paupertatem
426 4293 520 4355 quam
551 4271 747 4356 opulentiam
778 4272 907 4357 periisse
941 4271 1124 4366 Romanam.
1172 4269 1209 4334 lu
1245 4295 1320 4356 puu-

175 4381 298 4463 pertate
327 4377 411 4442 enim
440 4398 562 4442 morum
595 4377 764 4464 integritas
794 4379 995 4456 servabatur,
1028 4377 1191 4460 opulentia
1213 4381 1318 4440 autem
