3082 4938
784 337 844 405 143
909 309 924 330 ”

239 520 333 606 capto
356 518 573 595 constituisti,
608 515 701 579 claris
731 514 835 580 verbis
867 513 925 578 hoc
955 512 1108 576 insertum
1143 518 1191 578 cst
1220 513 1307 578 inter
1329 514 1396 580 alia

238 625 365 690 foederis
388 624 501 708 capita,
526 621 605 686 velle
622 643 675 684 vos
691 621 868 703 conjunctis
891 619 1011 684 viribus
1035 617 1249 684 Lutheranam
1272 625 1393 684 sectam

239 731 372 795 evellere
395 733 494 793 totam
519 731 551 791 et
573 726 742 809 extirpare.
781 725 901 811 Magna
916 725 979 788 fuit
1001 725 1067 788 haec
1090 745 1165 789 sane
1187 725 1394 810 conspirati0,

240 856 341 918 neque
363 833 563 898 mediocriter
586 831 817 896 extimescenda
840 831 959 896 multis.
1008 828 1092 907 Quid
1115 833 1221 894 autem
1245 837 1293 894 cst
1314 851 1393 894 con-

238 939 406 1004 secutum?
451 937 536 1002 Deus
560 937 677 1000 iterum
709 936 824 1017 objecit
857 935 1022 1019 clypeum,
1058 955 1152 1018 quem
1176 934 1265 998 nulla
1287 935 1395 1019 cuspis

239 1043 492 1109 transverberare
515 1041 628 1124 potuit.
662 1039 744 1104 Nam
770 1041 827 1103 illa
849 1044 1014 1123 tantopere
1029 1042 1156 1123 captata
1172 1038 1395 1103 benevolentia

238 1169 302 1212 non
325 1149 432 1231 potuit
454 1146 636 1224 coalescere,
661 1143 715 1208 sed
740 1144 931 1228 paulopost
955 1143 1093 1206 dissiliit.
1126 1143 1393 1229 Redintegratnm

238 1255 287 1316 eat
310 1252 448 1330 bellum,
473 1273 535 1336 quo
558 1251 603 1314 sic
626 1250 770 1333 impediti
794 1249 900 1312 fuistis
925 1249 1036 1326 ambo,
1069 1251 1105 1311 ut
1128 1248 1288 1311 decretum
1311 1247 1392 1310 illud

238 1367 400 1436 vestrum,
435 1379 552 1442 magno
588 1355 797 1440 plurimorum
831 1358 951 1418 terrore
985 1354 1182 1437 propositum
1212 1357 1245 1416 et
1275 1351 1395 1415 foedere

239 1463 406 1540 sancitum,
430 1463 494 1525 vim
517 1482 643 1524 omnem
660 1461 830 1525 amitteret.
863 1457 923 1523 Sed
939 1480 975 1522 eo
995 1480 1059 1522 non
1076 1459 1228 1536 contenti,
1250 1456 1394 1520 triennio

143 1549 146 1555 ¹
239 1573 330 1652 post,
356 1588 425 1630 cum
450 1587 532 1629 nova
554 1565 667 1628 fuisset
689 1563 770 1628 inita
794 1563 916 1648 pacti0,
939 1567 1034 1646 caput
1057 1563 1136 1627 illud
1160 1563 1285 1627 faederis
1307 1561 1393 1626 idem

239 1671 411 1755 repetitum
434 1669 496 1733 fnit
519 1692 538 1733 a
560 1667 658 1745 vobis,
683 1673 715 1732 et
738 1668 797 1732 hoc
818 1669 956 1752 insuper,
971 1667 1123 1745 additum,
1157 1665 1392 1753 impetrandam

242 1797 307 1839 esse
330 1797 349 1838 a
372 1774 521 1860 pontifice
545 1771 688 1837 Romano
711 1773 815 1850 illam,
841 1795 936 1856 quam
960 1772 1022 1857 ipsi
1044 1777 1174 1850 vocant,
1207 1772 1392 1849 cruciatam,

242 1885 275 1944 et
297 1879 355 1944 hac
378 1878 501 1942 ratione
517 1879 725 1964 colligendam
742 1878 948 1960 undecunque
963 1879 1140 1960 pecuniam,
1164 1871 1262 1942 'veluti
1278 1897 1394 1940 nervos

239 1984 341 2049 futuri
356 1984 431 2048 belli
447 1989 511 2048 tam
529 1985 694 2050 adversum
706 1983 905 2047 Lutheranos
918 2005 1011 2066 quam
1024 1985 1057 2046 in
1069 1983 1204 2047 Tuccam
1217 1981 1393 2046 Christiani

137 2151 139 2156 ,
239 2090 379 2155 nominis
401 2089 535 2154 hostem.

239 2196 428 2280 Compositis
443 2194 544 2278 igitur
558 2193 660 2271 bellis,
684 2194 717 2257 in
731 2192 934 2258 Germaniam
955 2194 1057 2258 denuo
1074 2193 1201 2271 venisti,
1225 2192 1393 2256 dissidium

238 2301 353 2366 hocin
378 2300 533 2384 religione
555 2302 661 2363 ortum
685 2299 858 2363 sedaturus.

805 2419 824 2459 ηε

240 2509 321 2576 nach
352 2509 421 2572 dem
445 2506 665 2572 Wormischen
696 2507 895 2592 obgcmelten
919 2509 1067 2586 Mandat,
1103 2509 1204 2573 neben
1233 2508 1393 2586 auderem,

239 2614 322 2677 diser
344 2611 488 2676 Artickel
511 2610 591 2675 auch
616 2611 762 2676 insericrt
784 2613 844 2689 ist,
877 2613 931 2676 das
955 2613 1021 2677 sich
1044 2634 1142 2678 ewere
1165 2614 1254 2677 beide
1277 2611 1393 2694 Majes-

238 2722 325 2783 tcten
349 2715 541 2793 verbunden,
565 2715 700 2780 treulich
724 2715 876 2780 einander
897 2719 935 2781 zh
958 2717 1086 2795 helffen,
1110 2717 1159 2782 die
1184 2715 1395 2782 Lutherische

238 2824 421 2906 verdampte
452 2821 586 2884 hetzerei
616 2821 680 2884 und
711 2819 801 2897 Sect,
838 2824 1068 2886 aaszdrcutten.
1114 2821 1164 2886 Da
1192 2822 1250 2887 hat
1279 2820 1315 2885 Ε.
1346 2819 1393 2885 Μ.

237 2930 306 2991 adm
332 2927 461 2990 aweiten
485 2926 547 2988 mal
572 2923 782 3010 angelauffen.
830 2924 894 2990 Das
924 2949 989 2991 war
1018 2949 1083 2991 nun
1107 2927 1158 2990 ein
1182 2947 1308 3012 grosaer
1331 2947 1391 2990 an·
1514 2998 1517 3011 .

237 3032 368 3115 schlag,
402 3030 457 3093 der
488 3027 599 3093 billich
629 3030 720 3094 einen
744 3029 836 3114 jeden
860 3031 917 3094 hat
946 3037 1058 3117 mdgen
1089 3032 1268 3098 schrecken.
1315 3029 1392 3095 Wie

238 3135 296 3199 ists
320 3136 395 3200 aber
416 3137 567 3220 gangen?
612 3134 690 3199 Gott
722 3135 779 3201 hat
810 3135 860 3199 die
889 3135 974 3200 hand
997 3137 1170 3200 widerumb
1194 3136 1390 3219 dro[ll]ben

239 3239 398 3324 gehalten.
444 3237 521 3303 Dise
543 3241 716 3305 vermeinte
739 3235 937 3306 hrhderliche
959 3243 1131 3327 einigung,
1155 3242 1213 3306 hat
1235 3263 1294 3326 gar
1316 3240 1391 3306 bald

239 3347 288 3410 ein
324 3347 384 3410 end
418 3345 546 3431 gehabt.
593 3345 701 3410 lilwrer
735 3347 842 3411 beider
874 3347 1060 3431 Majesteten
1094 3346 1292 3433 Ktinigreich
1325 3347 1392 3411 und

239 3451 350 3528 lande,
381 3450 483 3514 haben
514 3472 548 3515 so
571 3452 614 3514 vil
638 3453 698 3515 mit
720 3453 811 3538 krieg
834 3453 973 3518 abermal
996 3457 1033 3518 zd
1056 3453 1137 3517 than
1160 3447 1300 3538 gehabt,
1335 3451 1393 3516 das

239 3555 433 3640 obgemelter
450 3555 602 3633 Artickel,
626 3557 810 3622 ausserhalb
827 3560 896 3623 dem
913 3559 1013 3638 brieff,
1038 3579 1097 3643 gar
1110 3557 1202 3622 nichs
1219 3555 1394 3643 gewircket

239 3658 305 3723 hat.
352 3657 424 3722 Und
448 3658 514 3722 drei
533 3659 584 3742 jar
607 3661 765 3738 darnach,
800 3662 847 3726 als
881 3663 930 3726 ein
963 3661 1061 3726 ander
1082 3666 1209 3746 vertrag
1233 3659 1390 3725 awischen

239 3762 371 3828 Eneren
395 3761 582 3846 Majesteten
604 3766 835 3850 anffgerichtet,
859 3767 943 3832 ward
967 3765 1274 3852 gemelterArtichel
1297 3765 1390 3829 aber-

239 3869 304 3933 mal
327 3868 529 3947 widerholet,
551 3871 584 3954 ja
607 3871 661 3935 das
684 3871 764 3935 auch
787 3872 866 3936 dant
888 3876 1042 3956 gesetzet,
1071 3870 1126 3934 das
1147 3891 1221 3936 man
1246 3869 1295 3934 bei
1319 3870 1391 3934 dem

240 3971 341 4056 Bapst
357 3974 406 4038 die
417 3971 595 4038 Cmciatam
611 3975 762 4059 erlangen
779 3976 850 4052 solt,
874 3977 943 4062 gelt
957 3982 995 4042 ad
1011 3975 1141 4055 samlen,
1158 3976 1228 4040 dem
1244 3974 1392 4039 Ttlrclren

239 4074 429 4140 widerstand
452 4082 489 4142 ad
512 4079 603 4156 thdn,
627 4079 693 4143 und
716 4080 766 4144 die
789 4080 895 4145 hetaer
917 4085 955 4146 ah
978 4081 1130 4166 zeringen.
1162 4081 1227 4146 Das
1247 4081 1289 4145 iat
1311 4080 1392 4145 eben

140 4192 145 4201 “
239 4178 343 4263 heftig
365 4183 471 4264 gendg
495 4183 544 4246 nff
563 4185 613 4247 ‹lie
636 4186 708 4250 sach
733 4173 929 4272 gedrungenl

327 4282 434 4347 Discm
447 4285 539 4349 allem
556 4290 647 4366 nach,
664 4291 708 4354 ist
723 4291 758 4354 Ε.
773 4291 816 4354 Μ.
834 4292 972 4356 abermal
989 4293 1023 4356 in
1036 4292 1249 4358 Teutschland
1264 4291 1390 4371 komen,

239 4387 297 4453 hat
318 4387 495 4474 obgemelte
514 4392 591 4455 'sach
615 4394 789 4459 widerumb
810 4395 1028 4481 fdrgenomen.
