3172 4962
714 393 775 456 rra
880 467 885 479 x

169 583 242 628 cave
264 566 356 628 tuum
380 562 545 628 inimicum
567 562 720 628 humilem
743 568 775 628 et
798 564 866 629 noli
889 565 1013 630 credere
1035 565 1081 645 ei,
1109 565 1163 630 sed
1186 567 1226 631 ab
1249 567 1318 651 ipso

169 689 295 745 caveas,
319 689 359 732 ne
381 672 414 732 te
437 666 582 752 decipiat.
629 667 688 733 Ait
708 668 793 733 enirn
816 667 948 738 Seneca:
979 671 1142 736 inimicum
1166 671 1319 736 humilem

169 773 297 842 doctum
319 776 367 837 est
381 779 538 840 metuere.
585 770 743 837 Narratur
773 773 858 838 enim
881 775 915 838 in
938 775 1051 839 morali
1074 776 1222 861 dogmate
1245 776 1319 860 phi-

168 875 383 961 losophorum,
408 877 489 960 quod
513 875 633 941 Xerxes
649 876 657 912 ¹
682 899 738 942 rex
760 876 925 942 Medorum
941 879 1058 943 indidit
1073 879 1191 944 bellum
1208 886 1320 947 contra

142 981 296 1047 oGraeoos
326 981 518 1068 collegitque
549 983 814 1048 innumerabilem
843 984 1026 1049 exercitum.
1072 983 1207 1069 Propter
1236 986 1320 1069 quod

170 1087 219 1152 illi
241 1087 366 1152 dicebat
388 1109 470 1151 unus
494 1086 532 1151 de
551 1087 632 1151 suis:
658 1087 759 1152 Graeci
782 1109 847 1152 non
871 1089 1099 1173 exspectabunt
1118 1094 1209 1154 tuum
1228 1112 1318 1176 mag·
1373 1165 1380 1190 ι

170 1213 248 1256 num
278 1192 465 1268 exercitum,
499 1191 553 1256 sed
582 1192 621 1255 ad
654 1193 789 1276 primam
819 1192 938 1258 famam
967 1194 1121 1258 adventus
1150 1195 1198 1258 tui
1230 1203 1321 1279 terga

170 1296 404 1362 monstrabunt.
451 1295 542 1361 Alius
564 1296 661 1374 dixit,
694 1296 871 1361 timendum
893 1319 975 1375 esse,
999 1299 1043 1363 ¹ne
1066 1300 1158 1364 urbes
1182 1300 1320 1364 desertas

171 1404 204 1465 et
225 1421 337 1466 vacuas
359 1401 518 1488 inveniret
540 1423 613 1478 rex,
646 1406 678 1465 et
711 1402 780 1466 ideo
808 1401 963 1484 ,virtutem
992 1403 1148 1469 exercitus
1181 1404 1231 1468 sni
1254 1425 1319 1469 non

129 1523 157 1562 ιο
171 1509 279 1589 posset
300 1507 473 1570 ostendere.
519 1506 612 1570 Alius
636 1506 768 1583 dicebat,
792 1511 930 1592 angusta
951 1508 1103 1573 classibus
1131 1529 1197 1573 esse
1220 1509 1321 1572 maria

171 1610 345 1689 militibus,
380 1616 483 1676 castra
505 1612 692 1694 campestria
723 1612 882 1696 peditibus
904 1613 1081 1696 caelumque
1103 1614 1230 1700 sagittis
1252 1612 1319 1679 Me·

171 1715 292 1780 dorum.
339 1714 424 1780 Dum
453 1717 487 1780 in
516 1717 600 1780 buno
630 1717 759 1781 modurn
788 1739 896 1803 regem
929 1718 1126 1785 concitarent
1158 1723 1189 1783 et
1221 1719 1322 1785 nimia

171 1820 220 1885 sui
234 1821 444 1886 estimatione
467 1820 612 1886 inimims
630 1829 802 1906 sperneret,
826 1823 907 1888 dixit
924 1821 1077 1889 Damasus
1094 1823 1319 1909 philosophus:

172 1925 344 1990 multitudo
367 1925 445 2004 ista,
478 1947 548 2010 quae
576 1926 636 1990 tibi
669 1927 774 2011 placet
787 1929 807 2004 ,'
825 1928 885 1992 tibi
908 1929 1086 1995 metuenda.
1131 1927 1250 1994 Verum
1274 1934 1321 1994 est

133 2045 159 2084 1⁶
173 2031 258 2096 enim
283 2031 520 2096 multitudinem
543 2033 715 2096 maximam
737 2033 848 2117 populi
871 2055 1034 2115 nunquam
1056 2055 1146 2116 posse
1163 2035 1240 2119 regi,
1264 2057 1321 2100 nec

174 2137 228 2202 diu
250 2140 356 2220 potest
378 2137 508 2214 durare,
533 2138 616 2221 quod
640 2139 708 2223 regi
730 2161 794 2204 uon
819 2143 940 2225 poteet3
963 2139 1045 2204 nihil
1068 2145 1135 2203 tam
1158 2161 1321 2226 maguum,

174 2242 257 2326 quod
281 2243 384 2326 perire
409 2263 472 2306 non
496 2244 605 2326 possit.
652 2243 798 2328 Contigit
828 2249 933 2307 autem
967 2243 1048 2327 quod
1078 2245 1227 2329 praedixit
1256 2245 1322 2309 Da·

174 2368 291 2425 macus,
316 2347 391 2430 quia
417 2347 470 2410 ille
493 2353 558 2411 tam
582 2349 712 2432 grandis
736 2348 890 2412 exercitus
913 2353 1042 2432 propter
1057 2349 1106 2412 sui
1119 2350 1320 2414 securitatem

174 2472 211 2517 ae
233 2451 390 2517 defectum
413 2452 620 2536 providentia
643 2457 674 2517 et
690 2452 855 2538 regiminis
870 2452 933 2517 fuit
948 2453 1089 2518 devictus
1106 2476 1125 2517 a
1140 2454 1248 2538 paucis
1270 2477 1320 2519 sa-

133 2568 160 2608 ¹⁰
174 2555 299 2638 pianter
321 2556 477 2622 ordinatis
498 2559 530 2620 et
554 2556 664 2621 cautis.

411 2731 465 2795 De
487 2729 640 2817 Syrene
662 2735 701 2796 ct
723 2731 906 2810 lubrice,
930 2732 1003 2797 dial.
1029 2737 1081 2798 38.

262 2869 359 2954 Syren
392 2876 442 2935 est
471 2875 648 2936 monstrum
682 2874 796 2950 maris,
832 2875 907 2958 quia
938 2874 977 2938 ab
1006 2873 1157 2938 umbilico
1189 2873 1322 2956 desuper

174 2977 223 3038 est
251 2977 289 3042 ut
312 2975 525 3058 pulcherrima
554 2978 664 3062 virgo,
694 2978 826 3042 inferius
857 2982 964 3044 autem
995 2979 1091 3063 piscis
1121 2982 1199 3044 tota.
1246 2975 1323 3043 Haec

175 3101 269 3164 syren
291 3083 359 3144 tam
382 3080 516 3145 dulciter
545 3086 669 3160 cantat,
704 3083 789 3166 quod
820 3088 950 3167 propter
981 3083 1176 3148 dulcedinem
1210 3087 1322 3147 cantus

135 3195 162 3233 ²⁶
175 3182 262 3248 illius
286 3189 391 3249 nautae
414 3186 627 3270 gubernacula
642 3188 830 3271 relinquunt
851 3192 884 3252 et
900 3188 1111 3265 obdormiunt,
1135 3209 1172 3252 ea
1193 3191 1323 3270 propter

175 3290 270 3354 multi
292 3289 525 3374 periclitantur.
572 3291 708 3368 Quidam
739 3295 844 3356 sutem
875 3291 1050 3376 impudicus
1081 3295 1113 3354 et
1142 3291 1321 3356 luxuriosus

177 3395 329 3480 navigans
352 3417 408 3478 per
431 3417 517 3461 mare
539 3397 676 3460 intuitus
708 3400 756 3460 est
779 3395 929 3480 Syrenem
953 3395 1219 3480 pulcherrimam,
1253 3415 1323 3478 quae

176 3500 285 3564 statim
307 3501 410 3585 ipsam
433 3501 656 3584 coucupiscens
693 3502 732 3565 ad
756 3500 912 3565 luxuriam
951 3500 1167 3584 proclamavit.
1224 3498 1323 3583 Syren

176 3605 283 3666 autem
305 3605 407 3688 magis
430 3604 565 3668 dulciter
582 3605 741 3670 clamabat
763 3609 795 3669 et
811 3606 969 3681 cantabat,
994 3626 1027 3668 se
1044 3625 1168 3688 quoque
1181 3603 1323 3687 parabat,

136 3719 163 3758 ⁸⁰
177 3711 214 3772 ut
235 3705 320 3772 huno
342 3706 498 3774 lubricum
530 3710 703 3792 deciperet,
738 3716 769 3775 et
798 3710 860 3774 ait:
890 3713 927 3774 ut
949 3710 1093 3786 intueor,
1126 3731 1176 3775 me
1206 3709 1325 3795 diligis,

176 3812 230 3877 sed
252 3813 279 3878 si
302 3813 349 3878 vis
372 3835 494 3878 mecum
518 3816 740 3893 concumbere,
767 3815 918 3880 descende
941 3815 974 3878 in
997 3814 1147 3880 fluctibus
1170 3820 1202 3879 et
1224 3814 1263 3878 ad
1284 3813 1325 3876 li·

176 3917 280 3982 bitum
302 3938 432 4002 corpore
460 3939 530 3983 meo
553 3919 733 4002 perfrueris.
780 3918 858 3984 Erat
889 3920 973 3984 eninr
1009 3921 1060 3985 hic
1092 3921 1138 3984 ita
1159 3942 1178 3984 a
1200 3918 1327 3982 luxuria

177 4021 411 4101 inflammatus,
443 4023 526 4106 quod
558 4024 649 4106 quasi
680 4023 727 4088 nil
749 4024 787 4087 de
810 4045 843 4088 se
864 4024 992 4088 sciebat.
1039 4023 1160 4090 Idcirco
1183 4023 1326 4087 miritae

177 4127 210 4191 in
234 4128 367 4194 marinis
390 4129 500 4206 undis,
531 4133 567 4192 ut
589 4149 660 4192 cum
684 4129 752 4213 ipsa
775 4129 913 4192 cubaret.
961 4127 1004 4193 At
1035 4129 1093 4193 illa
1115 4128 1174 4192 hoc
1197 4129 1325 4192 intuens

137 4241 163 4281 ³⁵
177 4232 282 4319 ipsum
311 4235 345 4298 in
374 4234 468 4298 undis
500 4232 631 4316 reliquit
660 4232 834 4316 periclitari
863 4253 919 4317 per
943 4255 1090 4318 mareque
1123 4233 1263 4312 natavit,
1289 4237 1326 4298 ut

743 4353 762 4394 a

250 4462 264 4516 1
283 4457 406 4516 lbt‘rhore
424 4477 517 4531 susp:
535 4458 641 4516 Perses.

1054 4551 1118 4618 12*
