3172 4958
705 364 747 424 49

150 529 231 594 flatu
246 531 392 615 superius
403 531 587 616 opinantur,
612 535 710 596 ruunt
726 532 860 598 inferius
875 533 915 598 ad
926 534 991 598 ima
1001 534 1119 600 infami
1133 540 1166 601 et
1188 536 1303 603 divinae

151 635 279 720 quidem
313 637 380 702 ictu
405 638 540 722 justitiae
571 636 820 722 profundantur,
860 642 892 702 et
927 638 972 704 sic
1008 661 1079 706 cum
1108 641 1233 706 videtur
1263 642 1302 708 iis

151 740 308 807 altissime
331 741 398 808 fore
421 765 562 821 sursum,
596 742 724 826 speculo
757 742 878 827 decepti
908 742 1043 810 fallaciae
1068 750 1145 810 tunc
1166 748 1303 812 maxims

151 850 229 911 sunt
251 847 405 913 deorsum.
453 849 515 926 oui
538 847 623 912 enim
636 853 747 912 contra
762 869 871 912 verum
895 849 1004 913 mundi
1027 871 1153 917 cursum
1175 873 1301 916 sursum

122 951 305 1038 oerigitur,
338 953 376 1016 de
405 951 591 1018 necessitate
620 950 705 1016 latus
738 953 770 1014 in
802 953 869 1036 ejus
901 953 1082 1038 oppositum
1110 955 1301 1021 infirmatur.

150 1056 212 1122 Sed
234 1079 273 1122 ex
294 1079 411 1144 magna
432 1058 560 1142 quidem
583 1056 782 1140 providentia
804 1057 975 1121 conditoria
988 1059 1195 1142 superborum
1209 1059 1301 1124 habi·

151 1162 260 1227 tabilis
282 1162 370 1229 locus
395 1162 574 1247 aquilonari
596 1162 670 1245 polo
686 1162 886 1246 supponitur,
912 1166 948 1227 ut
969 1185 1007 1227 ex
1029 1164 1185 1248 positione
1208 1186 1301 1229 mun·

152 1267 230 1332 diali
253 1267 386 1347 discant,
412 1266 492 1332 illud
515 1266 652 1351 quidem,
681 1266 765 1348 quod
788 1265 958 1331 secundum
979 1269 1149 1334 mundanae
1170 1269 1302 1334 visionis

151 1371 337 1456 adspectum
355 1372 480 1438 videtur
495 1372 647 1458 superius,
671 1371 704 1436 in
729 1373 862 1437 veritate
885 1371 952 1437 fore
966 1373 1109 1441 inferius.
1142 1375 1301 1453 Quamob-

110 1499 137 1535 ro
152 1499 221 1541 rem
243 1478 402 1564 fugientes
423 1478 518 1562 hujus
550 1476 648 1543 seculi
676 1476 775 1542 fallar
798 1497 939 1557 sursum,
972 1477 1010 1542 ad
1034 1500 1143 1544 verum
1166 1480 1303 1546 tendunt

152 1603 209 1664 per
232 1581 424 1648 humilitatis
450 1583 604 1648 deorsum.
650 1581 702 1648 Sic
725 1583 809 1646 enim
832 1586 956 1662 natura,
980 1583 1034 1648 ubi
1056 1585 1234 1668 parimodo
1257 1586 1302 1651 ai-

152 1689 298 1752 tnaverat
312 1688 462 1768 membra,
486 1688 620 1753 inferius
636 1688 710 1753 dato
728 1690 831 1772 capite
854 1690 892 1754 de
915 1689 1026 1754 matria
1049 1689 1120 1755 alvo
1141 1690 1245 1756 mittit
1268 1691 1303 1756 in
1401 1677 1403 1680 ⁵

152 1789 239 1856 hunc
254 1795 407 1858 mundum
429 1794 635 1872 infantulum,
659 1797 690 1857 et
706 1793 899 1858 humilitatis
915 1795 1070 1880 magistra
1085 1816 1185 1860 cornu
1200 1795 1303 1860 cordis

153 1899 186 1960 et
200 1897 312 1981 pedam
327 1903 457 1984 propter
473 1898 533 1964 hoc
548 1899 647 1964 situat
662 1899 697 1962 in
714 1899 868 1963 deorsum.
915 1898 976 1964 His
1000 1896 1147 1964 diffinitis
1170 1901 1301 1983 quievit.

110 2105 314 2174 incontra
346 2129 427 2188 eos,
463 2109 532 2194 qni
561 2107 710 2194 adepti
731 2107 1032 2173 celsitudinem
1053 2109 1302 2176 mundanam

375 2213 516 2298 magni
538 2213 728 2298 pendunt
751 2234 899 2297 magna
921 2217 959 2278 ct
981 2213 1078 2280 alta.

349 2385 406 2451 Dc
428 2386 606 2452 formica
628 2391 668 2452 at
689 2386 939 2470 philomela,
962 2409 1030 2472 cap.
1057 2391 1106 2454 13.

241 2527 280 2590 In
304 2528 539 2612 tranquillitate
561 2528 670 2593 aestiva
692 2527 824 2593 formica
845 2528 970 2593 noviter
994 2527 1077 2592 natis
1100 2526 1159 2592 alis
1175 2549 1248 2596 cunr
1263 2531 1303 2596 de

153 2633 288 2697 terrenis
310 2633 453 2698 latibulis
476 2632 510 2696 in
533 2632 688 2716 liquidum
713 2637 816 2697 adrem
837 2632 1000 2710 evolasset,
1023 2631 1057 2696 in
1074 2653 1200 2698 amoena
1215 2634 1302 2700 foliis

110 2757 139 2796 aa
153 2737 330 2804 virentibus
356 2739 468 2804 arbore
501 2739 688 2825 vigilantem
715 2737 919 2822 philomelam
949 2737 1090 2816 invenit,
1122 2735 1173 2804 cui
1203 2737 1301 2804 dixit:

151 2848 189 2907 tu
211 2843 287 2926 qnid
310 2846 364 2910 es?
386 2843 433 2909 At
455 2844 512 2908 illa
534 2841 714 2928 respondit:
737 2841 865 2907 volatile
887 2863 966 2918 sum,
990 2841 1043 2906 sed
1064 2843 1170 2925 quiete
1189 2841 1303 2926 jubilo,

151 2947 222 3016 luce
244 2953 358 3032 pacata
379 2949 479 3015 fruor.
524 2947 646 3013 Deinde
668 2969 738 3012 cum
761 2946 1146 3030 apemcircumvolantem
1163 2947 1305 3032 vidisset,

152 3053 332 3133 sciscitata,
363 3075 425 3139 quo
447 3053 607 3133 tenderet,
639 3074 712 3118 mcx
735 3051 876 3130 audivit,
909 3051 993 3135 quod
1022 3052 1219 3119 discurrebat
1248 3076 1305 3139 per

151 3158 256 3238 flores,
279 3160 433 3244 equibus
457 3159 623 3245 colligeret
644 3158 706 3223 sibi
727 3161 854 3241 pastum
877 3157 989 3223 mellis.
1037 3157 1159 3234 Quibus
1188 3159 1304 3225 auditis

109 3285 138 3324 aa
153 3264 264 3350 magni
286 3265 427 3349 pendens
451 3265 654 3330 donationem
677 3265 818 3342 alarum,
847 3263 987 3348 gaudens
1011 3267 1043 3327 et
1065 3266 1159 3348 grata
1181 3269 1304 3329 naturas

152 3369 250 3434 dixit:
275 3371 396 3456 gratias
420 3371 480 3436 tibi
504 3391 575 3456 ago,
602 3371 751 3454 quoniam
777 3369 873 3433 simul
896 3369 934 3434 de
956 3367 1174 3453 profunditate
1196 3372 1229 3432 et
1246 3369 1303 3433 ob-

152 3475 305 3542 scuritate
327 3480 453 3542 terrena
476 3481 572 3561 atque
593 3476 632 3541 de
659 3474 873 3540 sollicitudine
896 3473 1113 3559 congregandi
1142 3477 1174 3538 ct
1196 3473 1304 3538 labore

151 3581 302 3665 portandi
317 3603 403 3647 nunc
417 3604 468 3647 me
484 3582 610 3666 quidem
626 3583 767 3665 ereptam
783 3580 851 3644 loco
861 3578 940 3644 lucis
952 3584 984 3643 et
996 3577 1133 3643 cardinis
1145 3578 1305 3644 acflorum

151 3686 356 3752 vernantium
380 3686 672 3773 quiescentiumque
694 3689 726 3748 et
742 3683 804 3747 lavi
820 3683 909 3747 stilla
926 3682 1100 3747 fruentium
1118 3681 1305 3746 animalium

110 3812 139 3853 ao
152 3791 278 3857 dedisti.
324 3792 430 3880 Igitur
452 3815 524 3870 cum
539 3791 626 3856 locus
641 3789 703 3854 iste
718 3811 788 3854 eam
805 3807 869 3852 non
890 3787 1047 3852 modicum
1062 3785 1234 3851 delectaret
1248 3808 1307 3852 nec

152 3919 191 3962 ex
213 3901 281 3963 toto
304 3920 373 3963 eam
395 3901 529 3983 propter
552 3897 618 3962 alas
641 3894 767 3978 antiqui
790 3893 916 3978 generis
938 3891 1140 3977 providentia
1167 3890 1305 3956 dimisis-

150 4007 208 4084 set,
235 4004 274 4068 ab
297 4025 356 4088 apa
370 4003 476 4068 doceri
493 4001 615 4088 petivit,
639 4001 666 4066 si
689 4022 753 4085 qua
767 3999 909 4084 pericula
931 3998 978 4062 ibi
1002 4002 1115 4063 essent.
1163 3996 1240 4073 Quae
1255 3995 1305 4058 di·

148 4108 213 4173 xit:
237 4107 331 4193 plura
353 4113 437 4174 certa
459 4113 555 4192 atque
577 4106 645 4172 haec
667 4105 738 4190 ipsa
761 4108 845 4184 sunt,
870 4104 1004 4188 desuper
1025 4103 1157 4187 spiritus
1180 4099 1303 4186 procel-

148 4211 264 4293 larum,
287 4214 464 4280 lateraliter
486 4217 654 4280 ventorum
675 4212 823 4295 impetus,
847 4231 933 4276 nuno
954 4209 1067 4295 frigus,
1091 4225 1177 4272 nunc
1198 4209 1302 4286 astus,

109 4335 136 4374 ῦὸ
149 4317 227 4385 hino
248 4319 372 4406 ungula
392 4321 557 4385 volucrum
581 4320 619 4384 de
641 4317 753 4402 rapina
776 4316 967 4394 viventium,
998 4313 1075 4381 hinc
1103 4312 1186 4378 retia
1214 4315 1305 4378 tensa

151 4423 328 4489 lateraliter
343 4445 540 4491 aranearum.
586 4421 639 4488 Ad
659 4421 727 4487 hac
750 4420 807 4485 illa
828 4421 1010 4505 respondit:
1035 4418 1185 4504 effugiam
1198 4418 1306 4484 omnia

203 4542 367 4587 numianus:
1076 4527 1098 4587 4
