3082 4938
655 372 715 434 179

127 543 203 620 falsi,
222 545 287 608 dum
309 545 409 620 illud,
446 545 531 628 quod
562 544 602 608 ab
630 543 708 628 ipsis
737 565 855 628 magna
886 543 1064 608 temeritate
1086 543 1256 610 confictum

129 653 180 728 est,
199 649 362 714 obtmdnnt
384 649 476 724 orbi,
502 649 589 712 velut
611 651 844 712 sacrosanctum
868 651 900 711 et
922 648 1149 714 authenticum.
1195 649 1255 714 Sed

126 757 268 836 uteunque
288 753 339 829 sit,
362 776 382 817 a
397 752 601 817 Constantini
621 751 816 835 temporibus
838 751 1021 816 extulerunt
1043 753 1175 832 animos,
1200 777 1255 818 ne-

125 879 179 940 que
197 879 280 941 peres
302 858 474 921 voluerunt
497 877 564 920 esse
581 855 710 938 reliquis
726 853 888 938 episcopia.
919 854 962 918 Et
977 856 1053 938 qnia
1068 879 1255 942 propensam

125 983 193 1046 erga
212 963 413 1027 assidebant
435 962 593 1027 Caesarnm
625 961 841 1038 voluntatem,
875 962 1033 1044 putebant
1061 963 1256 1027 occasionem

122 1069 196 1132 bane
215 1067 342 1132 minime
365 1065 689 1150 praetermittendam,
711 1070 743 1128 et
765 1064 972 1130 auferendum
994 1066 1034 1130 ab
1057 1067 1255 1151 imperatori-

121 1173 175 1236 bus
194 1175 343 1254 quantum
368 1171 436 1235 fieri
460 1173 581 1254 posset,
613 1170 734 1234 interca
764 1170 838 1232 dum
860 1169 910 1233 illi
933 1192 1047 1234 novem
1071 1172 1257 1257 religionem

119 1283 150 1340 et
176 1277 405 1342 admirarentur
433 1281 466 1339 et
497 1273 696 1338 vehementer
726 1278 879 1338 emerent.
931 1274 1071 1359 Scopns,
1106 1299 1168 1360 qno
1200 1301 1258 1342 sna

119 1379 177 1444 tela
195 1379 393 1464 dirigebant,
426 1377 479 1442 bie
501 1381 579 1454 erat,
600 1380 638 1440 nt
660 1374 818 1440 Caesarnm
841 1378 1004 1443 voluntate
1026 1379 1136 1443 liceret
1159 1383 1255 1469 ipsis]

120 1483 328 1550 anctoritatem
362 1503 516 1566 usurpare
548 1481 579 1544 in
609 1481 803 1565 reliquarum
826 1483 1060 1564 provinciarum
1084 1485 1256 1570 episcopos.

36 1601 38 1606 ’
121 1585 243 1653 Duravit
264 1588 331 1652 haec
355 1586 491 1652 ambitio
513 1607 568 1669 per
590 1607 690 1651 annos
721 1585 787 1650 fere
816 1591 991 1665 trecentos,
1027 1609 1089 1673 que
1119 1591 1257 1674 primum

122 1699 265 1778 tmpore,
300 1693 389 1778 qnod
411 1691 576 1769 volebant,
611 1692 824 1775 impetrarunt
857 1693 897 1756 eb
930 1693 1120 1778 imperatore
1142 1695 1256 1761 Phoca.

122 1795 173 1864 Sed
194 1799 301 1863 multia
324 1797 422 1862 anuis
443 1801 537 1860 autea
559 1815 652 1877 quam
677 1795 735 1859 hoc
750 1796 983 1880 impetrassent,
1007 1801 1178 1866 amiserant
1193 1801 1257 1866 Re-

122 1901 371 1987 unumquicquid
394 1921 502 1964 versere
524 1899 716 1964 occidentem
740 1901 836 1964 solem
859 1903 1077 1985 possederant,
1112 1911 1146 1970 et
1166 1927 1258 1972 occu·

120 2011 223 2092 purant
243 2007 300 2072 illa
322 2005 472 2070 nationes
493 2003 644 2080 berbarae,
668 2003 721 2067 sed
744 2008 777 2068 et
799 2001 894 2069 Italia
916 2007 1074 2072 diuturnis
1091 2011 1258 2076 admodum

120 2112 319 2196 gravibusque
345 2109 438 2174 bellis
469 2107 679 2193 affligebatur.
724 2107 775 2172 Sic
805 2109 881 2173 adeo
903 2109 1038 2176 Caesares
1068 2135 1162 2180 omne
1190 2121 1258 2181 stu·

120 2215 196 2281 dium
218 2217 256 2281 ad
284 2214 459 2280 orientales
489 2233 559 2277 eras
590 2217 834 2291 oonvertemnt,
868 2215 982 2297 quibus
1015 2217 1049 2281 in
1080 2218 1157 2282 locis
1187 2243 1258 2284 enm

120 2317 272 2396 tererem,
295 2323 413 2384 natum
435 2321 484 2382 est
505 2318 632 2383 tandem
655 2317 810 2382 intereos
834 2323 866 2382 et
882 2319 1060 2386 Romanum
1077 2323 1258 2408 episcopum

122 2445 178 2488 nou
208 2425 272 2489 lere
307 2422 477 2487 dissidium
506 2422 600 2487 variis
633 2422 671 2486 de
704 2423 813 2487 censis.
861 2425 950 2501 Quod
981 2447 1052 2490 cnm
1084 2433 1165 2490 essct
1187 2451 1259 2513 per-

123 2529 256 2606 tinacius,
279 2535 311 2594 et
336 2528 441 2592 indies
464 2527 565 2612 magis
588 2529 683 2610 atque
700 2527 802 2611 naama
818 2535 1006 2612 augesceret,
1031 2529 1166 2595 Romani
1182 2555 1262 2616 pon-

676 2645 695 2686 a

120 2737 204 2803 reden
227 2738 276 2802 die
297 2738 390 2814 well,
410 2757 444 2800 es
466 2736 511 2799 sei
533 2733 771 2798 Anthentieum.
804 2735 875 2798 Wie
898 2735 968 2800 dem
991 2740 1075 2819 aber,
1099 2763 1134 2804 so
1156 2741 1258 2808 haben

120 2845 161 2908 sie
186 2844 281 2921 doch,
313 2842 469 2907 nachdem
492 2839 603 2904 Keiser
626 2839 853 2904 Constantinus
884 2863 1017 2906 nnseren
1041 2845 1178 2930 glauben
1201 2871 1259 2912 en·

118 2966 294 3030 genommen
318 2948 389 3026 hat,
413 2951 509 3010 etwas
526 2943 615 3008 mehr
631 2944 743 3008 wbllen
760 2947 836 3026 sein,
861 2947 945 3010 deun
961 2949 1075 3012 endere
1093 2950 1257 3019 Bischoffe.

119 3049 221 3116 Haben
244 3051 394 3138 gedacht,
418 3073 491 3114 man
515 3049 593 3113 selle
615 3051 670 3113 des
693 3050 777 3113 cisen
801 3051 983 3128 schmideu,
1020 3051 1110 3117 dweil
1134 3078 1165 3118 es
1189 3057 1256 3122 heis

119 3153 172 3230 m,
193 3159 256 3222 und
278 3159 332 3222 bei
356 3156 416 3220 den
442 3177 550 3218 newen
573 3153 681 3218 Christ
703 3155 889 3238 gemachten
914 3155 1085 3237 Keiseren,
1122 3167 1186 3224 wdr
1209 3163 1259 3226 nit
1294 3161 1296 3166 ’

121 3259 297 3326 achwirlieh
322 3265 421 3326 etwas
444 3265 482 3324 zn
504 3261 664 3344 erlangen.
711 3259 744 3323 lr
767 3261 911 3324 hesehlns
934 3262 989 3325 het
1012 3263 1106 3328 dehin
1131 3269 1258 3348 gestan-

118 3363 182 3441 den,
202 3365 412 3432 Jurisdiction
431 3366 499 3429 und
523 3367 649 3450 gemell,
679 3361 757 3429 dher
779 3366 893 3430 endere
916 3367 1073 3432 Bischoffe
1096 3372 1159 3432 und
1184 3369 1259 3433 Kir-

119 3467 201 3545 clren,
221 3475 259 3536 ab
284 3471 453 3535 behemen.
485 3469 577 3533 Diser
599 3469 740 3554 ehrgeitz
762 3470 819 3534 hat
840 3471 920 3534 anch
939 3472 987 3535 bis
1003 3473 1036 3535 in
1052 3474 1102 3537 die
1118 3474 1160 3557 iij.
1176 3475 1259 3538 bun-

119 3573 181 3638 dert
198 3577 249 3660 jar
273 3577 442 3650 beharret,
476 3577 541 3638 und
571 3575 712 3639 endtlieh
736 3574 837 3638 haben
861 3577 907 3640 sie
929 3599 961 3640 es
984 3576 1034 3640 bei
1057 3579 1127 3642 dem
1150 3579 1261 3643 Keiser

121 3675 231 3744 Pboeae
252 3680 411 3744 erbaltcn.
458 3677 521 3741 Des
544 3679 587 3741 ist
616 3679 660 3742 ire
684 3679 918 3757 Praemiuentz,
949 3680 1027 3745 Jnre
1050 3682 1165 3746 divino.
1212 3683 1261 3747 Da

119 3783 184 3848 siud
205 3785 250 3850 sie
273 3805 340 3849 nnn
363 3783 460 3848 stoltz
483 3784 617 3847 worden.
654 3782 719 3846 Hat
735 3785 801 3847 sich
825 3784 940 3848 etliche
962 3785 1023 3848 zeit
1045 3786 1184 3850 darneeh
1207 3791 1260 3850 ml-

120 3891 282 3973 getrugen,
317 3890 375 3953 des
408 3887 454 3951 sie
488 3889 547 3951 mit
577 3889 646 3952 dem
670 3887 890 3954 Orientiscben
914 3889 1025 3954 Keiser
1047 3891 1144 3976 (deun
1168 3893 1262 3978 lenge

120 3991 176 4055 ait
196 4013 251 4058 vor
282 3995 364 4058 irem
396 3993 561 4077 erlangten
592 3993 657 4056 nnd
688 3993 907 4076 ehgebetelten
932 3993 1073 4071 Primat,
1109 4017 1173 4059 wer
1207 3997 1262 4061 des

123 4091 334 4162 Occidentisch
359 4097 479 4173 Reich,
513 4099 573 4161 den
597 4099 750 4163 Rdmeren
774 4098 963 4184 adgebdrig,
999 4102 1162 4180 verloren,
1197 4103 1261 4166 und

123 4199 210 4265 durch
233 4203 350 4268 audere
366 4201 527 4267 Nationen
549 4204 771 4288 eingenomen)
796 4205 828 4267 in
852 4225 961 4289 grosse
984 4207 1183 4291 nneiniglreit
1205 4208 1261 4272 ko·

124 4321 187 4370 nen
208 4308 289 4372 sind.
337 4306 518 4371 Derbalben
541 4307 625 4371 deun
648 4307 703 4372 der
726 4307 824 4373 Babst
848 4309 973 4391 (vorhin
998 4309 1183 4374 Rbmiseher
1209 4311 1262 4375 Bi·

126 4409 217 4474 ntor
235 4413 373 4498 pacat)
399 4412 478 4478 uach
494 4412 562 4478 dem
580 4413 701 4478 soleber
716 4413 814 4478 zanek
832 4415 895 4478 und
915 4415 1144 4499 verbitternng,
1167 4417 1262 4500 lenge

997 4516 1029 4572 12
1040 4517 1054 4546 “
