3146 4962
836 329 900 392 228

298 506 426 566 caeteras
448 522 520 565 aves
543 499 704 584 despecta,
736 500 820 566 unde
848 503 953 566 exstat
975 523 1099 568 versus:
1134 501 1237 586 turpis
1260 499 1339 564 aris
1363 497 1452 574 bubo,

298 607 482 691 turpissima
504 605 606 671 bestia
627 605 721 670 bubo.
768 603 845 670 Cum
869 627 941 670 aves
964 627 1072 672 omnes
1095 610 1290 672 conventum
1317 603 1454 669 celebra-

298 717 371 777 rent
394 716 426 777 et
447 715 522 796 post
539 729 667 778 coeuam·
685 732 794 776 omnes
816 710 946 794 pacifice
969 713 1236 796 conquiescerent,
1259 709 1357 774 nihil
1380 709 1455 772 titu-
1535 745 1537 852 q

298 816 420 895 bantes,
443 838 513 882 ecce
535 816 619 882 bubo
641 839 673 882 se
695 816 847 882 exaltavit
862 817 986 882 dicens:
1009 839 1078 882 sum
1098 839 1157 904 ego
1174 813 1457 901 quamplurimum

272 923 381 987 1111111
403 921 543 988 volucres
566 923 785 1008 suppeditatas
807 943 865 986 nec
886 923 1118 1008 magnificatis,
1141 926 1178 988 nt
1201 921 1368 987 nobilitas
1392 937 1459 982 maa

297 1027 452 1112 requirit,
472 1029 525 1093 sed
548 1049 599 1092 me
622 1027 694 1092 volo
716 1049 802 1096 nunc
824 1027 1011 1107 sublimare,
1035 1027 1109 1094 volo
1132 1028 1218 1093 enim
1241 1049 1321 1092 cum
1347 1022 1458 1089 amicis

298 1133 539 1218 consanguineis
561 1133 740 1197 interanea
762 1133 857 1198 salire
879 1153 1051 1217 omnesque
1068 1154 1199 1220 magnas
1214 1133 1401 1207 trucidare,
1426 1130 1459 1190 ut

298 1243 370 1323 post
393 1239 539 1322 princeps
564 1241 596 1302 et
618 1237 681 1301 dux
703 1236 816 1301 alitum
838 1237 980 1302 existam.
1028 1238 1228 1322 Quapropter
1250 1237 1291 1301 ad
1324 1257 1363 1300 se
1397 1233 1459 1297 cla·

298 1344 398 1410 mavit
420 1342 657 1427 porphirionem
680 1346 713 1406 et
734 1343 974 1426 nycticoracem,
998 1342 1251 1427 vespertilionem
1274 1346 1312 1406 et
1329 1343 1458 1404 anetam

260 1467 357 1516 111111
379 1469 444 1512 non
467 1452 499 1512 11
521 1468 629 1512 omnes
652 1447 853 1512 nocturnales
876 1468 949 1510 aves
980 1451 1013 1511 et
1042 1469 1114 1512 cum
1143 1446 1222 1532 ipsis
1245 1447 1341 1511 inter
1365 1443 1457 1508 alitea

297 1558 420 1619 armata
435 1576 532 1619 manu
555 1552 750 1640 aggreditur,
773 1553 1025 1640 volensmagnas
1048 1553 1203 1638 perimere
1217 1557 1250 1618 et
1268 1551 1455 1618 dominium

298 1659 435 1724 civitatis
457 1681 617 1743 usurpare.
663 1657 747 1722 Aves
770 1662 885 1736 autem,
909 1681 946 1722 ex
970 1680 1080 1724 somno
1103 1659 1257 1736 excitatae,
1281 1659 1454 1723 intuentes

297 1763 473 1848 proditores
496 1764 534 1828 ad
559 1786 647 1827 arma
669 1765 875 1828 cucurrerunt
897 1783 1010 1846 eosque
1029 1766 1181 1847 ceperunt
1202 1767 1233 1827 et
1250 1763 1289 1827 ad
1305 1760 1454 1847 aquilam

297 1869 419 1934 vinctos
441 1870 666 1955 perduxerunt,
694 1872 730 1932 ut
748 1866 903 1951 judicium
927 1868 1066 1951 deipsis
1089 1869 1281 1953 propalaret.
1330 1864 1454 1950 Aquila

259 1991 285 2030 1⁶
297 1994 371 2038 vero
395 1973 455 2039 hoo
477 1975 606 2040 audiens
628 1973 820 2038 sententiam
843 1977 954 2037 contra
975 1974 1151 2058 proditores
1173 1972 1330 2058 protulit,
1369 1965 1451 2056 quod

297 2079 409 2142 statim
432 2101 488 2163 per
509 2080 669 2145 civitatem
693 2078 897 2143 traherentur
926 2083 959 2143 et
981 2079 1016 2143 in
1038 2080 1182 2164 patibulo
1215 2083 1288 2163 post
1311 2095 1451 2160 snspen-

297 2183 457 2263 densentur,
479 2207 602 2250 necnon
625 2187 657 2248 et
679 2206 772 2248 omne
784 2205 883 2269 genua
907 2183 1042 2250 bubonis
1058 2185 1102 2250 sio
1118 2184 1151 2248 in
1167 2188 1359 2270 perpetuum
1378 2201 1448 2266 per·

296 2288 451 2354 secationi
481 2289 587 2355 datum
631 2295 664 2355 et
693 2289 846 2354 infestum
882 2295 914 2354 et
949 2290 989 2354 ab
1025 2290 1136 2354 avibus
1175 2293 1223 2354 est
1259 2289 1448 2354 devitatum.

297 2393 373 2459 Haec
402 2400 450 2460 sat
481 2395 566 2461 enim
604 2416 696 2462 causa
733 2395 904 2459 secundum
938 2395 1078 2474 fabulas,
1118 2417 1175 2480 pro
1199 2417 1260 2478 qua
1284 2393 1446 2458 bubonem

258 2519 284 2558 so
297 2521 369 2565 aves
391 2505 623 2586 persequuntur
656 2504 689 2565 et
711 2499 860 2578 sibilant,
895 2499 978 2564 unde
1009 2501 1116 2565 indie
1146 2521 1211 2565 non
1234 2499 1329 2565 audet
1364 2499 1448 2562 inter

297 2605 437 2670 volucres
467 2628 636 2691 apparere,
671 2606 725 2670 sed
758 2605 796 2669 de
829 2609 919 2671 nocte
949 2605 1059 2670 volans
1089 2605 1195 2671 cibum
1228 2605 1290 2670 sibi
1326 2601 1445 2689 quaeril

297 2710 420 2775 dicens:
451 2711 533 2776 111111
562 2711 647 2775 levat
678 2733 727 2788 se,
759 2711 814 2794 qui
837 2711 939 2790 cadit,
975 2712 1059 2796 parit
1090 2715 1123 2776 et
1152 2712 1208 2795 qui
1229 2711 1309 2776 false
1332 2708 1443 2775 tradit

296 2813 349 2879 Sic
370 2815 454 2880 enim
477 2815 639 2881 nonnullis
662 2815 845 2880 civitatibus
874 2837 930 2899 per
951 2815 1051 2880 malos
1082 2820 1115 2881 et
1146 2816 1297 2902 superbos
1327 2835 1445 2899 procu·

297 2923 395 2982 ratur.
440 2919 615 3006 Paroptant
643 2920 728 2984 anim
758 2924 923 3004 magnates
955 2921 1177 3006 exstinguere,
1207 2924 1245 2985 ut
1267 2920 1444 2985 dominium

258 3044 283 3082 as
297 3024 436 3088 civitatis
458 3024 647 3108 possideant.
693 3023 831 3090 Caveant
854 3045 930 3109 ergo
952 3025 1042 3104 tales,
1068 3046 1109 3089 ne
1131 3025 1230 3090 simili
1251 3046 1354 3109 pcenae
1370 3023 1444 3090 sub-

293 3127 455 3211 jiciantur.
500 3128 626 3194 Dicitur
649 3129 733 3192 enim
755 3127 873 3192 Euclea.
897 3127 995 3192 VlI⁰:
1019 3129 1085 3194 noli
1106 3127 1309 3195 faceremala
1330 3134 1444 3196 1111111

297 3237 329 3299 te
351 3235 604 3319 apprehendent,
637 3257 676 3299 ne
698 3255 805 3318 pecces
828 3233 861 3297 in
885 3233 1091 3299 multitudine
1122 3236 1262 3301 civitatis
1295 3257 1351 3300 nec
1385 3238 1445 3301 im·

297 3343 407 3407 mittas
430 3349 461 3409 11
484 3345 518 3408 in
540 3344 700 3428 populum.
747 3341 790 3406 Et
811 3342 844 3406 in
868 3341 959 3409 Pron.
984 3342 1126 3408 XXIV0:
1148 3345 1204 3428 qui
1221 3345 1344 3430 cogitat
1358 3339 1443 3407 mala
1536 3309 1538 3392 1

297 3446 410 3525 facere,
433 3448 549 3513 stultus
561 3447 733 3524 vocabitur,
756 3447 809 3512 sed
832 3447 888 3532 qui
911 3448 1054 3512 ambulat
1076 3447 1275 3533 simpliciter,
1302 3447 1445 3513 ambulat

257 3571 282 3609 ³⁰
297 3553 497 3620 confidenter.
544 3553 654 3638 Magni
685 3553 770 3617 enim
802 3552 917 3616 debent
948 3553 1090 3619 contenti
1120 3575 1186 3619 esse
1215 3555 1253 3619 de
1283 3554 1443 3640 magnitu-

296 3659 370 3723 dine
389 3680 446 3722 sua
456 3663 488 3724 et
503 3681 568 3724 non
582 3680 735 3743 usurpare
750 3657 925 3722 dominium
937 3656 1102 3738 violenter,
1119 3659 1194 3742 quia
1210 3659 1315 3723 omnis
1332 3663 1442 3744 poten·

295 3768 382 3831 tatus
411 3765 514 3829 brevis
541 3765 616 3838 vitae
645 3764 761 3829 dicitur
792 3761 908 3828 Eccles.
938 3761 1003 3840 X⁰‚
1045 3767 1078 3828 et
1108 3764 1164 3849 qui
1192 3786 1257 3829 non
1289 3763 1443 3850 intelligit
1535 3703 1538 3862 1

295 3869 378 3934 hanc
399 3869 596 3948 brevitatem,
620 3873 730 3954 postea
752 3867 913 3955 intelliget
936 3869 1163 3953 poenalitatem.
1210 3868 1353 3955 Sapient.
1378 3867 1442 3932 V⁰t

295 3974 371 4058 quid
393 3975 486 4039 nobis
508 3975 630 4059 profuit
650 3975 798 4059 superbia
820 3979 875 4039 aut
890 3973 1072 4038 divitiarum
1093 3975 1259 4058 jactantia,
1275 3976 1352 4060 quid
1368 3997 1441 4040 con·

256 4099 281 4136 11
295 4081 372 4144 tulit
394 4079 510 4144 nobis?
534 4079 744 4144 Transierunt
766 4080 874 4144 omnia
895 4080 976 4144 sicut
992 4078 1113 4144 umbra.
1159 4077 1280 4144 Narrat
1295 4079 1440 4145 Valerius

295 4185 378 4250 libro
400 4183 510 4264 VII10,
540 4186 633 4269 quod,
657 4207 728 4251 cum
751 4184 932 4250 Alexander
953 4185 1092 4250 audisset
1114 4186 1154 4251 ab
1177 4186 1368 4252 Anaxarcho
1391 4207 1440 4250 co-
1535 4099 1538 4236 1

295 4291 372 4354 mite
402 4311 459 4355 suo
490 4311 529 4354 ex
559 4291 748 4356 auctoritate
777 4289 950 4357 Democriti
975 4291 1025 4356 sui
1056 4292 1258 4376 praceptoria
1282 4289 1439 4376 praecipui,
1535 4297 1538 4406 q

295 4394 542 4460 innumerabiles
565 4417 631 4461 essa
653 4397 796 4476 mundos,
819 4397 882 4462 heu
905 4419 965 4475 me,
989 4397 1106 4481 inquit,
1129 4399 1290 4480 miserum,
1314 4396 1368 4482 qui
1384 4415 1439 4461 nec
