3146 4962
702 322 766 386 235

159 501 214 565 illc
237 500 382 585 protinus
404 495 524 561 effundi
540 495 721 576 mandavit,
744 495 850 562 noluit
874 496 960 560 enim
975 497 1061 561 solus
1076 496 1193 573 bibere,
1217 499 1305 579 post·

157 627 253 689 quam
276 604 341 668 suis
363 602 519 668 militibus
542 601 622 668 illud
644 621 709 666 non
732 605 858 685 poterat
881 602 1120 668 communicare.
1167 601 1307 666 Econtra

158 710 235 776 dicit
258 731 370 774 avarus
392 707 508 772 Eccles.
532 705 615 771 XI⁰:
647 707 754 772 inveni
782 707 922 789 requiem
946 706 1024 770 mihi
1056 711 1088 771 et
1110 704 1306 772 manducabo

159 813 310 880 debonis
332 813 411 878 meis
432 809 526 876 solus.
573 810 665 876 Tales
695 811 780 876 enim
802 811 890 877 avari
913 833 977 877 non
1006 815 1082 876 sunt
1104 811 1305 897 praeficiendi.

132 919 249 985 sUnde
272 917 451 1002 antiquitus
480 920 638 986 sectantes
668 917 835 982 avaritiam
866 939 928 981 non
959 917 1213 1002 praeficiebantur
1242 917 1305 982 rei-

158 1024 300 1111 publicae.
346 1023 448 1090 Prout
470 1027 580 1089 narrat
601 1021 747 1088 Valerius
772 1023 854 1088 libro
878 1022 934 1101 VI,
962 1024 1055 1106 quod,
1079 1022 1141 1089 duo
1163 1022 1305 1088 consules

158 1131 231 1196 dum
246 1130 280 1194 in
296 1129 484 1213 Hispaniam
500 1128 586 1193 mitti
602 1128 753 1194 deberent
774 1132 806 1192 et
830 1129 959 1212 deipsis
981 1128 1149 1193 consilium
1173 1128 1304 1193 habere·

157 1240 219 1314 tur,
242 1234 348 1320 Scipio
371 1234 468 1298 dixit:
492 1237 603 1298 neuter
625 1234 705 1298 mihi
727 1234 840 1317 placet,
864 1233 939 1317 quia
961 1232 1043 1298 alter
1064 1233 1111 1298 nil
1128 1233 1232 1312 habet,
1257 1233 1303 1296 al-

156 1341 218 1405 teri
242 1340 324 1405 nihil
346 1340 423 1404 satis
450 1343 514 1416 est,
545 1361 633 1423 aeque
665 1338 781 1404 malam
815 1339 848 1402 in
880 1338 1132 1424 malignantibus
1162 1339 1303 1412 iudicans

116 1468 143 1506 ro
155 1446 297 1529 inopiam
335 1449 367 1510 et
403 1443 578 1510 avaritiam.
631 1443 723 1508 Unde
760 1443 858 1509 refert
896 1444 979 1508 idem
1017 1442 1181 1523 Valerius,
1219 1444 1303 1527 quod

56 1593 59 1598 ·
154 1550 301 1618 Tiberius
324 1548 426 1615 Cacsar
445 1550 565 1632 judices
588 1549 822 1633 provinciarum
847 1570 917 1612 raro
933 1549 1079 1614 mutabat
1094 1571 1133 1614 ex
1148 1568 1194 1626 eo,
1218 1548 1302 1632 quod

152 1657 238 1734 novi,
264 1657 319 1739 qui
342 1654 442 1732 ibant,
466 1655 585 1720 intenti
608 1659 700 1719 eraut
721 1655 761 1718 ad
783 1654 1006 1739 recipiendum.
1052 1653 1241 1739 Exemplum
1264 1655 1302 1719 de

153 1762 288 1845 quodam
311 1760 485 1837 vulnerato,
518 1781 610 1843 quem
634 1781 704 1824 curn
730 1781 909 1826 muscarum
932 1759 1104 1825 multitudo
1126 1761 1302 1843 operuisset

152 1871 186 1932 et
208 1866 337 1952 quidam
360 1887 411 1930 eas
434 1865 601 1950 abegisset,
628 1867 690 1930 ait:
721 1865 947 1943 malefecisti,
979 1864 1080 1949 plenas
1102 1877 1194 1930 erant
1219 1865 1298 1946 istae,

114 1993 139 2030 1⁶
153 1979 185 2038 et
215 1971 368 2038 famelicae
405 1971 535 2036 venient
565 1971 636 2035 alias
668 1975 700 2034 et
735 1971 870 2054 amplius
895 1992 945 2035 me
968 1969 1123 2056 affligent.
1170 1968 1297 2035 Judicer

153 2077 237 2142 enim
259 2099 391 2162 semper,
416 2076 541 2159 quando
563 2080 640 2141 sunt
662 2097 815 2160 pauperes
838 2075 887 2140 vel
910 2077 1015 2153 avari,
1045 2076 1084 2142 ad
1111 2076 1298 2161 rapiendum

152 2187 227 2246 sunt
249 2182 341 2248 avidi.
386 2179 520 2266 Legitur
550 2181 583 2246 in
612 2180 729 2245 fabulis
758 2185 939 2264 poetarum,
970 2181 1054 2263 quod
1082 2180 1211 2264 quidam
1243 2203 1298 2246 rex

151 2287 245 2371 petiit
266 2289 306 2352 ab
320 2286 480 2372 Apolline,
503 2292 549 2363 ut,
573 2286 725 2368 quidquid
742 2289 899 2370 taugeret,
924 2307 1035 2350 aurum
1051 2285 1150 2372 fieret,
1173 2289 1206 2350 ct
1222 2307 1296 2351 con·

151 2413 271 2459 cessum
293 2396 342 2457 est
365 2392 402 2458 ei.
448 2391 527 2457 Cum
550 2412 626 2475 ergo
649 2391 754 2455 eibum
776 2389 827 2456 vel
848 2395 959 2474 potum
975 2390 1122 2455 manibus
1138 2389 1188 2455 vel
1203 2381 1308 2457 labiid

111 2518 137 2556 ²⁰
150 2504 306 2584 tangeret,
333 2503 370 2564 ut
392 2499 425 2564 in
449 2519 483 2562 os
507 2498 668 2574 mitteret,
698 2498 880 2562 vertebatur
903 2497 936 2561 in
959 2519 1081 2562 aurum.
1128 2497 1179 2565 Sic
1202 2497 1297 2563 ctiam

150 2604 344 2670 abundantia
366 2603 549 2669 divitiarum
572 2601 650 2667 facit
672 2623 802 2667 avarum
824 2601 1006 2668 famelicum
1039 2607 1072 2667 ct
1103 2603 1207 2688 ipsum
1230 2608 1296 2670 tra·

149 2709 199 2774 hit
229 2711 267 2775 ad
295 2709 469 2774 interitum.
522 2707 655 2793 Legitur
679 2707 714 2771 in
735 2707 907 2786 chronicis,
947 2707 1030 2791 quod
1053 2707 1144 2772 Taris
1174 2709 1317 2796 regina(

148 2837 218 2880 cum
242 2817 376 2899 cepisset
398 2835 505 2899 regem
529 2813 714 2891 Persarum,
745 2818 842 2898 caput
870 2814 936 2897 ejus
969 2815 1129 2898 amputari
1159 2813 1235 2880 fecit
1265 2821 1297 2881 et

148 2921 182 2984 in
205 2924 308 2985 utrem
331 2919 460 3004 plenum
484 2920 638 3004 sanguiue
661 2919 817 2984 immersit
840 2919 960 2984 dicens:
985 2919 1173 3004 sanguinem
1186 2919 1296 2998 sitisti,

108 3045 134 3083 π
148 3025 335 3110 sanguinem
358 3025 440 3090 bibe.
486 3025 584 3090 Avari
608 3026 640 3090 in
659 3026 785 3090 inferno
809 3025 920 3090 bibent
941 3048 1054 3091 aurum
1078 3025 1294 3110 liquefactum.

147 3129 238 3196 Unde
261 3130 358 3196 refert
380 3132 507 3214 quidam
529 3130 752 3216 philosophus,
786 3130 870 3215 quod
892 3129 978 3196 Nero
1007 3131 1181 3215 imperator
1209 3132 1296 3196 visus

86 3259 92 3287 ι
146 3243 194 3301 est
216 3236 249 3299 in
273 3257 351 3300 auro
373 3236 543 3319 liquefacto
565 3259 598 3302 sc
621 3237 703 3319 apud
726 3235 844 3300 inferos
867 3235 1025 3314 balneare,
1047 3241 1080 3300 et
1102 3257 1172 3302 cum
1195 3236 1293 3316 iridis·¹

145 3344 194 3404 set
214 3361 348 3405 cuneum
371 3341 601 3420 advocatorum,
626 3341 708 3404 dixit
730 3339 785 3405 iis:
817 3339 939 3418 venite,
973 3340 1083 3405 venale
1114 3363 1214 3426 genus
1237 3343 1295 3407 ho-

145 3445 278 3522 minum,
302 3450 334 3510 et
357 3467 478 3511 mecum
502 3445 554 3511 hic
576 3445 781 3524 balneaurini,
805 3445 879 3530 quia
895 3447 984 3511 vobis
1000 3450 1123 3531 partem
1140 3446 1294 3533 optimam

146 3569 312 3614 reservam.

144 3720 199 3787 De
221 3722 416 3808 leopardo
439 3729 478 3789 ct
498 3727 717 3804 unicorni,
741 3728 812 3812 qui
836 3727 1295 3814 pugnabantcumdra-

568 3853 692 3909 cone,
717 3833 791 3898 dial.
816 3837 867 3897 88.

231 3969 428 4053 Leopardus,
462 3974 498 4034 ut
527 3967 654 4035 Solinus
684 3971 779 4050 dicit,
816 3972 934 4038 animal
965 3975 1013 4036 est
1046 3978 1232 4057 generatum
1255 3997 1294 4040 ex
1376 4015 1379 4022 ·

142 4077 232 4142 leone
255 4079 286 4139 et
309 4075 416 4160 pardo.
463 4073 585 4140 Horum
609 4075 735 4141 femina
768 4082 843 4142 sunt
874 4079 1054 4144 audaciores
1085 4084 1117 4144 et
1146 4081 1293 4146 fortiores
1331 4163 1334 4168 Ι

104 4204 128 4241 ss
143 4182 292 4246 maribus.
349 4180 488 4246 Plinius:
526 4181 642 4264 aliquis
671 4179 788 4246 'volens
821 4183 966 4249 resistere
997 4184 1154 4268 leopardis
1185 4185 1293 4250 furen-

141 4285 235 4362 tibus,
260 4286 353 4351 frieet
374 4286 451 4350 allia
473 4287 558 4351 inter
571 4309 693 4366 manus,
717 4310 774 4354 nec
796 4310 893 4368 mora,
918 4292 1084 4375 leopardus
1100 4292 1221 4358 resiliet
1236 4314 1294 4359 nec

141 4392 283 4471 resistet,
316 4393 392 4476 quia
423 4394 550 4459 odorem
580 4395 650 4460 allii
673 4397 830 4462 sustinere
862 4419 925 4462 non
950 4400 1065 4482 potest.
1111 4398 1292 4483 Leopardus
