3146 4962
843 309 908 372 240

299 479 407 564 gustis
428 478 564 542 clamare
586 477 681 561 ooepit
703 479 759 555 ita,
784 479 867 562 quod
890 479 1023 544 maritus
1046 482 1183 547 accurrit
1199 482 1326 548 dicens:
1351 505 1451 567 qnare
1550 491 1552 504 ⁴

300 606 364 651 non
386 582 521 650 obedisti
544 584 709 669 praeoeptis
732 583 837 648 meis?
869 585 967 650 etsie
990 608 1058 651 eam
1082 587 1228 665 correxit,
1252 588 1350 652 donee
1372 588 1450 652 obe-
1551 621 1552 628 κ

298 688 387 755 divit.
433 691 513 758 (me
541 693 576 758 in
598 690 735 775 quadam
757 690 832 754 navi
855 695 1045 776 tempestate
1068 695 1255 758 imminente
1277 696 1450 760 clamatum

297 801 377 862 esset
400 821 420 862 a
441 797 559 875 nautis,
581 800 618 860 ut
642 795 790 882 graviora
805 796 997 880 projicerent
1012 799 1045 862 in
1061 821 1158 878 mare,
1181 799 1311 883 quidam
1327 798 1448 864 babens

270 917 425 968 ⁶uxorem
458 908 588 990 propter
619 903 765 987 lingnam
798 903 1031 970 intolerabilem
1062 906 1209 972 exhibuit
1231 928 1301 970 eam
1330 907 1448 999 dicens,

296 1011 379 1094 quod
406 1011 440 1076 in
463 1015 532 1074 tota
553 1008 627 1073 navi
650 1028 714 1072 non
737 1012 807 1072 erat
829 1009 957 1094 gravior
979 1012 1091 1097 lingua
1113 1013 1188 1096 ejus.
1236 1009 1327 1076 Unde
1348 1008 1448 1074 Sene·

294 1136 348 1180 ca:
380 1116 463 1181 sicut
492 1115 575 1180 nihil
598 1115 743 1198 superius
765 1114 906 1199 benigna
928 1117 1082 1203 conjuge,
1112 1119 1159 1183 ita
1182 1116 1265 1182 nihil
1288 1116 1448 1180 crudelius
1551 1139 1553 1180 l

294 1220 412 1286 infesta
435 1221 575 1286 muliere.
621 1217 664 1282 Et
687 1193 913 1304 philosopbus:
938 1243 1035 1300 uxor,
1067 1223 1190 1307 inquit,
1222 1226 1279 1286 aut
1302 1225 1350 1287 est
1373 1244 1447 1306 per·
1551 1215 1554 1294 l

293 1327 420 1411 petuale
441 1325 601 1412 refugium
624 1330 682 1391 aut
704 1347 842 1410 perenne
865 1333 1078 1408 tormentum,
1110 1331 1137 1394 si
1168 1334 1215 1394 est
1242 1330 1344 1406 mala,
1377 1335 1446 1393 tor·
1552 1323 1554 1348 ¹

254 1446 279 1484 1⁰
293 1437 436 1528 mentum
460 1438 524 1511 est,
556 1431 738 1516 perpetuale
768 1433 946 1518 refugium,
978 1435 1006 1498 ai
1036 1440 1084 1500 est
1115 1435 1217 1512 bone,
1248 1435 1324 1517 quia
1353 1435 1446 1500 bonae

292 1560 404 1604 uxores
427 1538 608 1602 obedientes
630 1542 706 1602 sunt
729 1539 815 1616 viris,
841 1540 925 1623 ipsos
948 1542 1024 1624 quia
1046 1542 1269 1626 superomnia
1291 1540 1444 1626 diligunt.

292 1642 496 1708 Hieronimus
527 1643 560 1706 in
584 1642 667 1707 libro
696 1649 807 1709 eontra
829 1643 1034 1710 Joviniannm
1058 1647 1097 1711 ad
1120 1647 1180 1711 hoc
1202 1645 1382 1731 exemplum
1405 1646 1444 1709 de

291 1749 394 1813 tribus
431 1749 586 1814 matronis
620 1750 760 1814 romania
789 1751 902 1834 ponit,
947 1773 1016 1836 quae
1049 1757 1122 1836 post
1154 1753 1304 1816 amissum
1338 1750 1443 1814 virum
1552 1803 1554 1816 ,

292 1853 426 1920 alterum
450 1855 591 1939 accipere
606 1853 785 1920 noluerunt
826 1855 885 1920 Sed
901 1856 1011 1920 barum
1028 1857 1132 1941 prima
1146 1856 1308 1922 dicebatur
1320 1855 1442 1920 Mareia

250 1985 276 2024 u
291 1958 430 2037 Catonis,
454 1981 525 2044 quae
536 1960 743 2045 interrogata,
766 1983 864 2044 quare
879 1963 1050 2027 seeundum
1073 1985 1138 2027 non
1154 1963 1309 2046 acciperet
1325 1961 1439 2037 virum,
1554 1979 1555 1984 ’

290 2065 471 2150 respondit,
495 2088 537 2130 ·se
569 2089 634 2132 non
656 2067 798 2131 invenire
822 2068 943 2146 virum,
976 2070 1031 2152 qui
1053 2069 1130 2134 velit
1153 2091 1221 2134 eam
1244 2071 1376 2153 propter
1398 2089 1439 2144 se,

289 2173 343 2236 sed
365 2177 496 2258 propter
517 2193 594 2250 sua,
616 2174 760 2256 quamvis
782 2172 865 2236 forte
887 2175 990 2258 turpis
1012 2177 1112 2252 esset,
1144 2174 1219 2238 licet
1241 2172 1337 2236 dives.
1384 2170 1439 2236 Se-

289 2277 392 2343 cunda
413 2277 577 2344 dicebatur
593 2275 730 2356 Valeria,
755 2299 825 2362 quae
848 2301 918 2344 eum
934 2279 1194 2364 interrogaretur,
1218 2281 1254 2343 nt
1266 2277 1436 2342 secundum

289 2383 391 2448 virum
414 2384 584 2468 acciperet,
608 2383 780 2466 respondit,
804 2405 837 2447 se
860 2384 961 2449 facere
984 2385 1042 2450 hoo
1064 2407 1129 2449 non
1155 2405 1265 2468 posse,
1290 2383 1366 2466 quia
1389 2383 1437 2445 vir

249 2511 274 2552 ao
288 2511 363 2554 suus
375 2511 438 2555 non
452 2493 519 2554 erat
531 2493 684 2569 mortuus,
709 2489 762 2552 sed
777 2489 876 2568 vivus,
902 2490 1052 2572 quamdiu
1067 2490 1136 2574 ipsa
1150 2491 1279 2554 viveret.
1327 2489 1436 2554 Tertia

289 2595 451 2660 dicebatur
473 2595 585 2672 Anna,
615 2615 686 2677 quae
717 2594 943 2676 aparentibus
973 2594 1164 2678 urgebatur,
1199 2599 1235 2660 ut
1264 2594 1435 2659 secundum

288 2702 442 2786 acciperet
465 2702 584 2780 virum,
607 2721 643 2764 eo
667 2700 749 2783 quod
769 2700 893 2784 juvenis
916 2705 948 2765 et
971 2700 1057 2763 dives
1079 2705 1155 2764 erat.
1202 2699 1381 2784 Respondit
1404 2720 1435 2762 se

286 2803 347 2869 hoo
369 2827 433 2870 non
456 2828 546 2890 posse
569 2805 689 2884 facere,
720 2806 795 2889 quia
816 2806 935 2870 bonum
956 2804 1111 2870 habuerat
1133 2807 1234 2870 virum
1260 2811 1292 2870 et
1314 2805 1385 2869 ideo
1408 2805 1435 2867 si

286 2911 456 2976 seeundum
479 2913 643 2996 acciperet,
667 2914 723 2976 aut
745 2911 799 2976 ille
821 2917 903 2976 esset
925 2912 1026 2976 bonus
1048 2915 1104 2976 aut
1127 2911 1246 2987 malae,
1270 2910 1299 2974 si
1320 2911 1434 2989 bonus,

245 3039 272 3080 as
286 3037 409 3102 semper
431 3021 513 3081 esset
535 3016 568 3081 in
592 3016 715 3096 timore,
740 3039 780 3081 ne
802 3017 906 3102 ipsum
930 3018 1091 3102 perderet,
1115 3018 1142 3082 si
1164 3017 1286 3096 malus,
1310 3037 1434 3100 semper

285 3126 367 3186 esset
399 3123 433 3187 in
467 3123 591 3202 dolore,
624 3145 660 3188 eo
693 3123 776 3208 quod
807 3127 880 3207 post
909 3123 1012 3188 virum
1045 3123 1162 3188 bonum
1190 3123 1309 3188 malum
1343 3121 1433 3185 inve-

285 3227 393 3293 nisset.

432 3401 487 3468 De
510 3404 774 3469 dromedarie
797 3407 837 3469 et
858 3404 946 3487 ejus
969 3426 1107 3484 cursu,
1131 3405 1203 3470 dial.
1230 3408 1281 3469 91.

370 3543 596 3610 Dromedarius
619 3549 667 3611 est
690 3545 818 3624 animal,
842 3549 879 3610 ut
902 3546 979 3612 dicit
1001 3546 1225 3623 Hieronimua,
1240 3529 1334 3629 ¹quod
1357 3549 1430 3610 tan·

243 3675 269 3714 aa
283 3654 352 3715 tum
383 3671 447 3715 nno
469 3650 518 3716 die
541 3652 648 3738 pergit
677 3657 831 3736 quantum
856 3673 954 3736 equus
985 3653 1017 3715 in
1042 3652 1153 3717 tribus.
1200 3650 1296 3716 Hune
1318 3651 1430 3717 clami-

281 3756 362 3820 tavit
385 3755 434 3820 leo
457 3757 580 3823 dicens:
613 3757 696 3821 inter
719 3779 828 3822 omnes
851 3779 883 3822 es
906 3762 940 3821 tu
965 3756 1045 3822 milri
1066 3758 1231 3835 laudatus,
1259 3757 1344 3841 quod
1367 3758 1430 3821 scis

281 3883 404 3926 currere
427 3867 522 3946 atque
543 3862 650 3942 salire,
681 3864 764 3928 unde
795 3863 884 3942 volo,
916 3865 999 3948 quod
1028 3864 1364 3951 pergas-festinanter
1393 3864 1429 3928 in

280 3967 436 4033 orientem
458 3973 490 4034 et
513 3969 711 4055 interrogare
734 3971 846 4034 debeas
869 3968 906 4034 de
929 3991 1072 4054 persona,
1096 3971 1252 4054 qualitate
1274 3974 1307 4034 et
1329 3971 1429 4034 socie-

280 4077 346 4138 tate
368 4073 468 4160 grifia,
492 4074 643 4158 qnoniam
660 4074 729 4138 vult
745 4095 868 4140 meeum
882 4073 1010 4148 bellare.
1056 4073 1118 4140 Sed
1133 4079 1170 4140 ut
1185 4097 1235 4140 me
1250 4097 1430 4160 praeparare

240 4199 266 4239 ar
279 4180 399 4262 possim
421 4181 461 4246 ad
483 4186 661 4261 certamen,
690 4181 749 4247 hoe
771 4182 865 4246 eitius
888 4181 1040 4246 denuntia
1064 4180 1159 4260 mihi,
1183 4185 1220 4246 ut
1241 4185 1314 4265 post
1336 4203 1354 4246 a
1376 4202 1429 4245 me

279 4285 451 4352 mercedem
476 4287 607 4372 recipias
631 4292 663 4352 et
684 4288 844 4353 honorem.
891 4285 1116 4352 Dromederius
1147 4291 1251 4352 autern
1283 4308 1317 4352 se
1339 4287 1426 4352 exal·

280 4393 348 4456 tare
369 4392 483 4476 eoepit,
519 4414 589 4458 cum
620 4393 741 4461 audivit
771 4415 804 4460 se
834 4393 966 4459 laudari.
1013 4391 1062 4458 Ob
1085 4391 1146 4458 hoc
1177 4394 1238 4460 iter
1260 4413 1350 4458 suum
1374 4393 1425 4458 in-
