3066 4938
544 277 561 308 ³
659 301 718 362 101

113 474 291 554 eluderent,
316 473 349 537 in
372 473 455 537 hanc
478 475 534 536 aut
556 471 714 550 similem,
747 475 785 537 ut
806 471 969 556 sequitur,
1004 475 1195 540 sententiam
1218 476 1263 542 eis

111 579 292 662 responderi
315 578 442 662 possit?

194 681 276 758 Quid
301 683 386 747 istud
409 687 457 746 est
478 682 525 746 rei
547 705 655 761 nonae,
690 687 797 767 patres
821 684 992 768 conscripti
1016 687 1049 748 et
1069 686 1262 769 purpurati?

112 789 160 854 An
178 788 324 873 judicum
346 809 514 871 personam
537 788 625 853 vobis
648 789 745 853 etiam
767 789 902 866 sumitis,
927 789 982 873 qni
1005 793 1070 854 tem
1094 790 1170 854 estis
1186 813 1260 876 gra·

113 896 190 960 viter
212 893 379 959 accusatis
418 891 505 957 Num
529 895 779 960 emendationem
804 893 953 958 vitiorum
976 898 1010 959 et
1032 894 1186 960 abusuum
1211 897 1260 960 in·
1322 915 1324 919 ’

111 998 267 1062 stituitis‘l
315 996 415 1081 Atqui
445 1003 561 1080 praeter
584 1019 702 1062 morem
727 997 812 1062 istud
835 1001 891 1063 est.
937 997 1099 1064 Hactenus
1121 1000 1205 1065 enim
1230 1001 1261 1064 id

110 1103 207 1168 solum
231 1101 365 1166 dedistis
388 1123 526 1185 operam,
553 1106 590 1167 ut
612 1125 799 1188 quacunque
821 1105 944 1170 ratione
967 1127 1063 1190 quam
1077 1104 1260 1190 locupletis·

110 1208 179 1271 simi
201 1207 303 1284 facti,
338 1207 484 1291 plurimis
514 1209 719 1274 accumulatis
751 1210 954 1288 sacerdotiis,
989 1209 1136 1275 viveretis
1165 1231 1259 1294 quam

96 1312 294 1378 ,suavissime
311 1315 344 1376 ct
358 1297 553 1378 mollissime.
584 1312 618 1378 Si
634 1314 759 1398 qualern
775 1319 911 1399 oportet,
935 1315 1033 1379 talem
1051 1314 1261 1380 institueretis

110 1423 139 1483 el
159 1417 316 1482 doctrinae
339 1420 372 1481 et
403 1417 579 1501 disciplina
611 1424 643 1483 et
675 1420 748 1484 vitae
779 1443 965 1506 morumque
997 1419 1259 1498 emendationem,

108 1523 168 1602 jam
191 1544 268 1588 sane
291 1521 435 1606 plerique
456 1525 597 1587 vestrum
620 1524 768 1608 exiguam
790 1530 822 1588 et
843 1530 971 1590 tenuem
994 1525 1162 1614 admodum
1189 1526 1259 1592 sitis

110 1627 249 1692 habituri
272 1625 441 1705 familiam,
464 1628 525 1710 qui¹
543 1649 627 1692 nunc
651 1629 684 1692 in
708 1629 903 1714 amplissimo
925 1629 1003 1696 hum
1026 1637 1057 1696 et
1078 1653 1196 1717 magna
1211 1653 1260 1696 re·

110 1756 177 1797 rum
199 1734 292 1816 copia
316 1734 512 1798 securissime
532 1733 648 1798 vivitis.
697 1735 780 1812 Quid
810 1741 857 1801 est
887 1756 990 1801 causac
1018 1737 1067 1800 vel
1090 1759 1152 1821 quo
1171 1739 1259 1822 justo

112 1839 201 1902 titulo
225 1843 336 1902 tantas
358 1839 525 1924 possidetis
547 1842 646 1923 opes?
693 1840 845 1917 Quasnam
869 1847 945 1906 sunt
966 1842 1035 1906 iste
1057 1847 1169 1906 vestrae
1192 1846 1257 1905 tam

111 1943 229 2008 eximiae
251 1943 399 2022 virtutes,
422 1967 491 2027 quae
512 1948 637 2009 tantam
655 1949 816 2010 merentur
831 1947 1140 2012 remunerationem?
1171 1945 1257 2012 Num

111 2053 140 2113 et
160 2050 255 2114 vestis
278 2049 423 2134 longior,
447 2053 480 2113 et
502 2049 598 2128 illud,
622 2050 706 2134 quod
729 2053 809 2115 vesti
832 2052 1107 2136 superimponitis,
1138 2053 1256 2116 lineum

675 2171 691 2207 *

112 2281 149 2322 an
171 2259 215 2322 sie
236 2258 352 2324 stellen
376 2260 461 2324 solt?
506 2259 606 2324 Httte
635 2283 710 2325 man
745 2259 793 2324 nit
815 2264 892 2345 grite
914 2261 973 2347 fdg
994 2262 1061 2326 und
1083 2261 1196 2327 ursaoh
1218 2266 1257 2327 at
1375 2361 1379 2372 Ι

111 2383 228 2533 sdrgidddr
250 2469 303 2533 ich
326 2469 388 2533 ken
412 2469 484 2534 dich
508 2471 584 2548 wol,
609 2471 650 2535 du
673 2471 737 2536 bist
760 2473 810 2536 nit
833 2473 887 2538 der
907 2473 1020 2557 jhenig
1043 2473 1098 2537 der
1120 2493 1153 2536 es
1175 2470 1255 2535 thrln

112 2573 185 2652 solt,
220 2575 305 2639 deno
336 2575 548 2655 schlemrnen,
583 2577 826 2660 bancquetiren,
863 2579 923 2642 mit
947 2577 1109 2662 hipschen
1133 2576 1257 2640 Metzcn

112 2677 253 2757 hofieren,
277 2681 328 2745 die
344 2679 421 2744 Post
435 2701 565 2758 rennen,
591 2680 774 2746 Beneficia¹
800 2687 838 2748 air
857 2683 993 2761 werhen,
1017 2682 1081 2745 und
1105 2680 1255 2765 volgends
1351 2731 1353 2738 .

111 2781 142 2846 in
165 2785 239 2850 aller
262 2785 391 2850 wollust
414 2786 514 2864 leben,
539 2786 640 2851 solohs
663 2786 707 2850 ist
729 2809 810 2852 ewra
833 2787 917 2852 sach.
949 2785 991 2851 rs
1008 2786 1074 2852 will
1096 2785 1174 2850 euch
1197 2806 1255 2870 gar

113 2889 180 2952 abel
201 2891 356 2956 anstehen
379 2894 417 2957 ad
440 2890 647 2969 reformiren,
671 2892 754 2956 deun
777 2914 825 2956 wo
849 2893 878 2956 ir
900 2894 1021 2957 sallent
1044 2890 1133 2956 recht
1154 2890 1254 2956 refor-

115 2993 216 3072 miren,
240 2992 373 3062 militen
397 3017 512 3062 ewerer
535 2996 579 3060 vil
603 3000 642 3061 air
664 2997 720 3062 fut
743 2999 916 3081 lacqueien,
941 2997 981 3062 da
1002 2998 1029 3061 ir
1041 2996 1169 3080 jetnund
1186 2996 1255 3060 eine

113 3119 213 3182 grosse
235 3103 327 3166 annal
350 3102 508 3186 hlipscher
529 3101 647 3187 hengst
673 3102 739 3168 und
771 3104 939 3181 maulesel,
971 3102 1108 3167 hdstlich
1135 3103 1253 3187 aulige-

113 3201 230 3282 butaet,
263 3207 411 3286 haltcnt,
444 3209 508 3272 und
542 3209 744 3293 onmdssigen
776 3209 891 3293 pracht
913 3209 1060 3272 treibent.
1107 3205 1168 3269 Mit
1191 3227 1254 3269 was

113 3307 217 3392 sigen,
252 3310 341 3376 aull²
364 3335 426 3376 was
450 3313 603 3378 ursachen
627 3313 783 3378 besitzent
806 3313 835 3377 ir
857 3335 891 3378 so
915 3313 985 3397 [65]
1010 3331 1116 3397 grosse
1139 3303 1254 3394 gatera

113 3410 182 3478 Was
202 3415 397 3482 hiinnentir
426 3419 557 3482 macheu
590 3418 695 3496 mehr,
733 3420 819 3484 daun
850 3420 964 3484 andere
993 3417 1081 3483 lcut?
1125 3413 1254 3479 Wclche

113 3520 236 3599 schrift,
259 3523 377 3588 welche
400 3524 482 3587 bibel
506 3529 594 3609 segt,
630 3525 684 3589 das
707 3525 734 3588 ir
758 3525 836 3589 eben
861 3524 1012 3609 viertaig,
1044 3520 1167 3606 funfaig
1189 3519 1254 3582 und

115 3625 196 3688 mehr
209 3631 339 3691 tausent
350 3625 494 3693 Ducaten
514 3627 671 3712 jdrlichen
687 3630 870 3694 einkomens
886 3628 988 3696 haben
1006 3623 1096 3691 mter
1108 3624 1146 3688 ³?
1177 3623 1253 3688 Man

115 3731 193 3814 wcyss
215 3755 253 3816 ye
277 3733 348 3810 wol,
373 3733 427 3797 das
450 3755 531 3798 ewer
554 3733 669 3798 etliohe
692 3734 735 3798 vil
759 3737 819 3798 auss
844 3755 974 3798 ewerem
990 3729 1189 3796 Patrimonio
1204 3727 1254 3791 nit

116 3833 169 3898 nol
189 3835 278 3900 einen
304 3836 374 3902 Fsel
398 3839 538 3904 kdndten
562 3861 728 3917 eruceren,
755 3839 827 3903 ⁴Ist
850 3841 935 3903 dano
959 3837 1009 3902 ein
1034 3837 1145 3918 langor
1168 3831 1252 3910 rooh,

117 3936 159 4001 cin
182 3939 274 4018 chur,
300 3942 414 4007 hembd
437 3945 502 4008 und
526 3948 664 4023 mantel,
689 3946 739 4009 ein
764 3945 918 4030 geschoru
942 3943 1006 4008 und
1029 3938 1254 4027 geschmierter

118 4040 204 4127 hopff,
226 4047 277 4111 ein
301 4048 472 4114 weirauchs
494 4050 569 4130 lass,
593 4050 644 4116 ein
666 4072 830 4136 prengen,
861 4050 926 4136 und
949 4044 1137 4113 eusserliehe
1160 4041 1251 4107 Cere-

179 4201 275 4256 lumb
294 4201 388 4258 Benef.
476 4206 493 4259 2
518 4205 589 4260 auch
608 4153 706 4274 (drudk
729 4207 750 4260 l.
770 4205 795 4258 2.
814 4205 841 4275 3)
863 4207 936 4259 statt
960 4201 1025 4260 eun.
1114 4199 1253 4257 amant?

119 4281 187 4339 Wers
202 4287 244 4343 nit
262 4287 294 4344 ad
313 4290 444 4355 macheu,
472 4290 523 4346 das
548 4293 572 4346 ir
597 4293 665 4347 euch
691 4293 744 4348 mit
768 4309 867 4362 eynem
890 4293 1058 4364 geringeren
1075 4291 1188 4347 liessent
1206 4291 1253 4347 bc-

121 4374 218 4442 nigen?
300 4377 442 4433 4feh1r4
460 4378 503 4435 bis
522 4382 547 4448 †,
