3044 4956
679 329 716 392 21

135 503 329 570 ecclesiastici.
374 503 465 580 Quod
498 505 643 589 plerique
676 507 794 590 putant
823 504 894 568 ideo
927 503 1024 570 fuisse
1055 503 1272 582 coustitutum,

135 615 166 675 ut
185 611 215 675 iu
235 631 268 674 re
282 615 354 676 tam
378 611 472 697 gravi
503 615 536 676 et
559 612 658 675 ardua
679 610 793 693 reliqui
817 609 976 693 principes
1000 610 1154 674 haberent
1175 610 1275 674 socios

135 715 329 802 elcollegae,
363 717 452 782 viros
488 717 667 782 eruditione
696 737 732 780 ac
761 717 836 781 vitae
866 717 1053 801 integritate
1076 719 1272 799 praaatantea

135 821 237 888 Varum
259 823 421 908 utcunque
445 825 498 904 sit,
522 829 644 888 certum
666 829 722 900 est,
747 822 808 887 hoc
832 843 868 886 eo
883 821 1004 887 factum
1019 822 1116 887 fuisse
1131 819 1272 898 consilio,

132 931 164 992 ut
182 933 383 1010 potestatem,
408 951 506 1013 quam
529 933 733 1013 arrogaverat
755 928 809 992 ille
832 927 893 991 sihi
919 928 950 992 iu
975 928 1101 1012 imperii
1125 915 1271 1010 negotiiS,

130 1033 181 1098 hac
200 1033 292 1098 etiam
315 1035 372 1100 via
394 1034 607 1100 confirmaret.
656 1034 745 1111 Quod
776 1033 881 1117 ipsum
917 1054 981 1097 uon
1005 1032 1100 1096 velim
1122 1031 1271 1116 intelligi,

130 1139 210 1224 quasi
233 1141 374 1224 cogitem
406 1139 528 1223 aliquid
559 1139 722 1204 detrahere
754 1138 939 1204 auctoritati
963 1137 1144 1202 Electorum
1175 1135 1271 1202 eccle-

127 1245 333 1320 ramorum
358 1250 392 1310 et
416 1249 462 1321 ut,
476 1267 514 1309 ue
540 1245 610 1328 quis
632 1244 666 1308 iu
687 1247 896 1329 campartem
914 1243 1152 1327 interpretetur,
1176 1241 1272 1306 etiarn

125 1355 212 1436 atque
233 1353 330 1416 etiarn
355 1373 444 1438 rogo.

126 1455 334 1522 Veruntamen
372 1457 565 1522 contendent
597 1457 651 1522 hic
678 1456 813 1521 fortasse
844 1455 993 1539 quidam,
1030 1457 1063 1517 et
1091 1451 1272 1536 pontificem

126 1559 294 1628 Remurium
329 1564 411 1628 bene
447 1564 486 1628 de
522 1563 615 1628 uobis
653 1562 803 1626 meritum
829 1548 907 1626 *esse
940 1557 1178 1644 praedicabunt,
1218 1557 1272 1641 qui

124 1669 185 1731 taur
221 1668 379 1734 illustrem
417 1668 596 1744 honorem,
644 1667 748 1752 qualis
787 1670 835 1731 eat
871 1665 998 1751 imperii
1035 1663 1199 1748 dignitate,
1239 1663 1272 1727 iu

124 1777 258 1838 nostram
293 1779 424 1860 gentem
458 1773 634 1850 invexerit,
673 1775 829 1856 quantum
862 1772 895 1835 in
927 1771 996 1855 ipso
1028 1769 1101 1833 fuit.
1159 1767 1273 1832 Fateor

124 1879 273 1962 equidem,
297 1885 331 1944 et
354 1899 430 1945 sane
453 1879 498 1942 sit
518 1877 793 1962 reprehendendus
808 1876 904 1941 homo
919 1875 1105 1954 Germanus,
1129 1873 1184 1958 qui
1207 1896 1272 1937 non

687 1999 705 2037 ἧ

126 2088 193 2171 [12]
222 2087 278 2173 lcy
307 2091 384 2174 peut
414 2091 498 2153 estre
526 2090 698 2171 qu'aucuns
724 2086 924 2164 debattront,
950 2107 1011 2171 que
1033 2085 1063 2150 le
1084 2084 1169 2169 Pape
1193 2107 1271 2149 nous

125 2192 212 2258 afuit
223 2215 266 2258 un
279 2194 383 2280 grand
393 2194 479 2272 bien,
497 2194 669 2272 conferant,
693 2197 806 2258 autaut
822 2195 915 2277 qu'en
930 2193 1016 2276 luya
1031 2192 1105 2267 este,
1127 2193 1146 2252 a
1164 2192 1272 2253 nostre

126 2299 230 2364 nntion
252 2322 297 2364 un
324 2299 471 2364 honneur
496 2299 523 2363 si
548 2298 702 2364 excellent
725 2300 828 2382 qu’est
850 2298 881 2361 la
904 2296 1026 2382 diguite‘
1051 2295 1088 2358 de
1109 2293 1270 2377 l'Empire.

125 2399 162 2466 Je
191 2403 331 2470 confesse
359 2405 436 2470 bien
465 2405 549 2470 cela:
585 2426 638 2469 ear
667 2404 897 2469 certainerueut
931 2400 1112 2466 l'Alemand
1145 2399 1199 2483 qui
1232 2421 1272 2463 ne

126 2507 216 2574 arroit
238 2510 313 2575 bien
336 2511 400 2575 aloe
419 2509 457 2574 de
482 2510 527 2575 tel
550 2510 649 2574 luatre
664 2513 697 2573 et
718 2507 944 2594 magnificence
967 2530 1007 2572 au
1025 2527 1172 2572 commun
1191 2506 1270 2588 pais,

128 2615 216 2680 seroit
237 2618 449 2702 grandement
471 2619 490 2680 a
512 2614 689 2700 reprendre.

687 2735 704 2774 a

128 2824 216 2908 [124]
246 2824 383 2910 Empero
405 2825 480 2909 aqui
503 2770 560 2908 por
583 2828 718 2889 ventura
740 2824 889 2909 alegarau
912 2846 933 2909 y
955 2822 1115 2907 porfiarau
1137 2823 1271 2908 algunos

128 2951 184 3013 que
198 2928 229 2994 al
248 2929 402 2996 Pontifiee
426 2930 571 2995 Romano
598 2949 701 2993 aomos
725 2928 772 2992 los
794 2928 964 2992 Alemaues
993 2949 1032 2991 en
1055 2949 1130 3012 muy
1153 2929 1272 3013 grande

127 3035 318 3121 ohligacion,
341 3059 363 3121 y
383 3057 445 3119 que
466 3034 575 3099 hemor
597 3033 741 3098 recebido
764 3033 814 3097 del
838 3054 914 3118 muy
937 3031 1040 3097 bueua
1063 3031 1150 3111 ohra,
1179 3055 1271 3117 pues-
1317 3113 1319 3117 ,

130 3163 186 3226 que
207 3165 273 3207 una
293 3141 410 3207 honrra
430 3145 487 3205 tan
511 3140 640 3218 ilustre,
669 3137 744 3222 qual
767 3159 799 3203 es
822 3137 854 3202 la
878 3136 1027 3222 diguidad
1049 3135 1098 3200 del
1122 3135 1270 3221 Imperi0,

129 3246 269 3312 latraxo
289 3271 307 3312 a
326 3251 458 3311 nuestra
484 3245 616 3320 naaion,
640 3265 678 3308 en
703 3247 823 3328 quanto
846 3265 884 3307 eu
909 3243 938 3306 el
959 3241 1021 3306 fue.
1066 3241 1118 3307 Yo
1140 3243 1171 3306 lo
1196 3263 1272 3307 con-

129 3350 224 3430 fieaso,
251 3375 273 3437 y
294 3375 350 3438 por
372 3353 471 3418 cierto
494 3372 555 3434 que
577 3373 609 3415 es
632 3350 670 3414 de
692 3348 901 3433 reprehendet
926 3352 959 3413 et
980 3346 1112 3412 hombre
1136 3345 1270 3412 Alcman

130 3477 187 3538 que
210 3479 252 3521 no
279 3479 309 3522 se
336 3457 456 3543 huelga
480 3477 541 3540 que
565 3459 629 3521 este
655 3457 772 3534 honor,
800 3478 823 3540 y
846 3460 913 3519 esta
943 3459 1000 3518 tan
1032 3455 1151 3540 grande
1183 3477 1271 3519 exce·

128 3559 226 3626 leucia
257 3562 291 3629 de
317 3563 406 3630 fama
435 3585 496 3647 aya
517 3563 630 3626 veuido
653 3585 672 3627 a
693 3584 730 3625 su
754 3583 868 3626 eomun
891 3561 1004 3645 patria.

688 3683 706 3722 ι

133 3769 206 3836 auch
221 3771 331 3837 hiemit
346 3771 404 3837 hat
420 3772 534 3836 wdlleu
549 3771 738 3857 hest'a'tigen.
775 3770 905 3836 Welchs
929 3771 981 3835 ich
1003 3771 1082 3836 doch
1104 3774 1142 3835 ah
1163 3769 1274 3833 heiner

135 3876 366 3963 rerkleiurruug
390 3877 468 3941 ‹lern
490 3875 671 3942 loblichen¹
697 3875 906 3941 Ohnrfllrsten
937 3876 1003 3941 will
1026 3876 1137 3962 geredt
1159 3874 1273 3954 haben,

134 3981 194 4044 und
217 3981 256 4047 ist
277 3983 381 4048 meine
405 3981 667 4068 underthenigste
697 3983 777 4060 bitt,
810 4005 884 4046 man
908 3981 999 4046 whlle
1021 3983 1098 4045 mira
1121 3981 1202 4046 auch
1224 3981 1274 4045 nit

135 4085 226 4150 dahin
247 4088 373 4153 deulen.
413 4087 527 4152 Allhia
536 4089 657 4153 werden
681 4087 900 4173 ongezweifelt
919 4087 1033 4152 etliche
1056 4087 1128 4170 [13]
1151 4086 1195 4150 vil
1217 4107 1272 4172 ge-

134 4190 282 4272 dencken,
317 4215 351 4259 es
383 4193 428 4256 sei
452 4192 558 4273 recht,
591 4195 655 4260 und
680 4195 803 4260 werden
827 4195 897 4259 dem
920 4191 1109 4260 Rhmischeu
1132 4191 1276 4258 Bischoff

200 4423 211 4476 l
229 4417 449 4478 Iloehloblichen
467 4417 651 4490 Geyatlicheu.
