3172 4958
737 308 777 372 39

182 483 319 568 diligens
344 503 448 548 nonne
471 481 677 566 injustissime
700 481 759 548 tibi
783 481 907 548 credis?
933 480 1059 558 Quanto
1082 481 1184 566 major
1206 503 1247 562 es,
1270 482 1330 546 hu-

182 589 273 654 milia
296 592 328 652 te
349 587 384 652 in
406 586 563 652 omnibus.
609 586 706 652 Crede
736 586 832 662 mihi,
863 586 953 651 crede
974 586 1071 666 mihi,
1099 588 1174 674 quia
1196 587 1332 654 maxime

181 715 215 758 se
240 693 387 768 vilificat,
420 691 475 776 qui
506 711 539 755 se
571 692 695 778 magnis
725 690 898 777 dignificat.
950 689 1039 757 Sicut
1069 693 1125 777 qui
1156 715 1188 758 sc
1207 693 1330 778 judicat

181 797 374 882 sapientem,
407 795 444 860 fit
466 817 583 862 amens.
630 795 699 860 Lux
722 795 847 880 quidem
877 795 946 861 luce
975 797 1180 863 confunditur
1201 800 1234 862 et
1255 797 1330 862 alti-

153 903 259 967 studo
282 900 453 966 altitudine
475 899 632 967 curvatur.
678 900 738 966 Sed
765 901 859 966 altior
874 900 968 966 stella
982 903 1136 969 mentitur
1152 901 1331 987 aspectibus

181 1011 214 1072 et
242 1006 364 1072 cunctis
393 1004 525 1070 inferior
556 1006 632 1071 luna
663 1027 758 1090 super
787 1006 895 1071 omnia
931 1005 1105 1072 decoratur.
1158 1006 1223 1072 Ubi
1254 1027 1329 1091 ergo

180 1111 338 1196 profunda
359 1109 533 1188 humilitas,
561 1111 606 1175 ibi
629 1112 751 1176 excelsa
773 1114 823 1175 est
844 1110 995 1196 dignitas,
1019 1115 1052 1176 et
1074 1111 1128 1176 ubi
1152 1134 1189 1177 ex
1212 1111 1329 1195 teipso

181 1216 312 1300 dejectio
336 1235 469 1299 magua,
495 1213 540 1278 ibi
563 1237 602 1279 ex
622 1215 741 1280 virtute
764 1214 962 1300 dignificatio
986 1215 1134 1280 maxima.
1182 1197 1329 1298 Namque

180 1321 256 1386 dum
271 1320 439 1384 mundanis
461 1319 642 1385 cardinibus
664 1341 722 1384 nos
745 1319 921 1404 judicamus
939 1320 1100 1406 indignor,
1124 1318 1328 1404 sempiternis

139 1453 166 1490 ro
181 1423 360 1490 coelestibus
382 1423 486 1489 reddit
517 1423 681 1489 humilitas
712 1445 786 1489 mox
814 1445 872 1489 nos
900 1425 1022 1510 dignos.
1067 1424 1189 1501 Quibus
1212 1423 1329 1490 auditis
1452 1517 1454 1520 Ι

180 1529 287 1594 hircus
309 1528 460 1606 eruditus,
484 1527 559 1611 quia
581 1549 614 1592 se
636 1527 885 1615 dignificaverat,
908 1529 1043 1595 erubuit.

478 1735 636 1803 Contra
664 1729 1046 1825 praesumptuosos.⁸

381 1911 439 1977 De
461 1913 709 1978 struthione
732 1917 773 1977 et
795 1912 982 1998 gallina,
1005 1934 1073 1998 cap.
1096 1895 1126 1978 d.

269 2053 381 2119 Elatus
402 2053 540 2119 struthio
563 2054 652 2138 pedis
674 2053 780 2120 officio
803 2076 874 2120 eum
897 2056 1109 2120 adscendisset
1131 2055 1327 2134 inmontem,

141 2187 167 2225 ιι
182 2177 313 2226 cernens
335 2157 477 2224 volucres
499 2160 533 2224 in
557 2157 713 2243 liquidum
735 2163 838 2224 adrem
870 2160 928 2225 alae
958 2163 1106 2244 pennatae
1128 2183 1161 2226 se
1183 2160 1328 2247 agilitate

181 2265 373 2342 diffundere,
404 2265 660 2350 praesumtionem
692 2287 819 2330 sumens
842 2285 880 2329 ex
903 2286 1009 2348 penna
1029 2265 1061 2329 id
1094 2265 1197 2350 ipsum
1226 2263 1330 2329 voluit

179 2373 387 2454 attemptare,
419 2391 552 2455 cumque
581 2369 793 2434 anhelationis
817 2369 938 2453 impetu
970 2373 1098 2453 pararet
1131 2391 1165 2434 se
1188 2367 1325 2446 mittere,

179 2475 212 2540 id
234 2474 356 2560 gallina
378 2475 572 2559 prospiciens
596 2475 641 2539 sic
664 2473 693 2539 ei
716 2475 818 2539 fertur
841 2473 972 2538 dixisse:
1001 2477 1075 2540 tene
1097 2474 1202 2538 locum
1224 2477 1327 2550 tuum,

178 2580 349 2659 carissime,
380 2584 412 2645 et
435 2601 508 2646 cave
529 2601 570 2645 ue
591 2602 698 2664 penna
719 2580 955 2667 praesumtionis
978 2584 1041 2644 tnae
1062 2579 1176 2645 tibiam
1199 2578 1328 2644 amittas

137 2711 164 2748 ao
178 2684 316 2749 virtutis.
364 2685 427 2763 Qui
455 2685 653 2770 vilipendens
687 2684 782 2770 hujus
812 2685 951 2750 salutare
982 2683 1149 2750 consilium
1179 2704 1252 2749 mox
1276 2705 1327 2748 re·

179 2789 323 2873 spondit:
347 2792 426 2868 tace,
448 2790 636 2868 miserrima,
659 2812 729 2874 quse
751 2773 940 2875 compassos
961 2771 1127 2856 validitate
1149 2811 1327 2873 pennarum

179 2896 254 2960 altis
276 2899 308 2960 et
329 2893 442 2960 lucidis
464 2895 595 2980 pertrui,
621 2897 778 2982 gravitate
800 2895 950 2980 pauperis
965 2894 1102 2980 pectoris
1117 2894 1222 2960 lutum
1238 2895 1324 2962 colis.

179 3001 248 3076 Quo
271 2999 356 3064 dicto
379 3000 481 3065 cordis
503 3003 611 3087 vigore
633 3005 861 3086 praesumtuoso
893 3024 927 3066 se
959 3023 1030 3066 cum
1059 3021 1176 3086 magno
1206 3000 1327 3085 impetu

178 3107 225 3170 sic
240 3105 388 3170 emittens
402 3103 564 3172 fallacium
588 3087 762 3171 mentiente
784 3110 903 3171 statera
924 3127 1101 3190 pennarum
1117 3127 1174 3170 suo
1189 3105 1328 3190 pondere

137 3233 163 3272 as
178 3209 298 3276 corruit
320 3214 353 3275 et
374 3211 423 3275 aui
445 3211 550 3276 oneris
573 3212 722 3276 descensu
743 3210 854 3294 rapido
869 3214 974 3275 totum
989 3229 1023 3274 se
1038 3207 1205 3294 confregit.
1236 3209 1328 3274 Tunc

178 3316 218 3380 ad
248 3314 406 3380 ululatum
435 3315 572 3380 dolentis
602 3337 704 3402 gnara
736 3315 781 3380 rei
815 3313 940 3398 gallina
969 3314 1160 3378 descendens
1192 3313 1232 3379 ad
1255 3335 1327 3378 eum

179 3421 258 3504 pede
280 3423 351 3484 tuto
373 3419 461 3484 venit
483 3423 515 3484 et
536 3420 633 3484 dixit:
664 3421 702 3485 de
724 3419 938 3504 imprudentia
960 3423 1017 3483 tua
1038 3441 1102 3484 non
1124 3419 1241 3497 miror,
1275 3417 1326 3483 ni·

179 3525 295 3590 mirum
334 3524 409 3608 quia
441 3545 557 3609 magno
594 3525 717 3609 corpori
755 3523 851 3588 nimis
887 3545 1020 3606 parvum
1050 3523 1326 3608 superappositum

177 3628 276 3694 habes
298 3632 402 3712 caput.
448 3626 511 3692 Ala
534 3649 597 3692 non
620 3628 695 3692 utili
717 3627 827 3711 pedem
852 3626 1019 3710 perdidisti
1042 3630 1108 3692 tam
1126 3627 1325 3692 commodum

135 3757 162 3794 ae
178 3740 211 3801 et
232 3732 384 3798 vanitatis
412 3731 536 3798 volatus
566 3733 626 3798 tibi
658 3733 802 3797 veritatis
825 3732 959 3798 abstulit
981 3753 1134 3818 gressum.
1178 3729 1327 3797 Amisisti

178 3845 270 3903 tuum
286 3858 396 3903 ausum
411 3836 667 3922 praesumtuando
683 3857 747 3902 uon
764 3836 937 3920 proprium,
962 3858 993 3900 es
1007 3836 1145 3900 elevatus
1158 3835 1326 3914 incassum,

178 3941 264 4008 facta
285 3945 332 4006 est
347 3941 409 4007 tibi
424 3941 561 4026 perditio
584 3945 616 4006 et
632 3962 696 4006 non
712 3941 806 4018 salus,
830 3962 944 4026 nempe
959 3963 1024 4006 non
1043 3941 1220 4018 attendisti,
1243 3941 1326 4024 quod

39 4085 45 4104 ι
177 4047 371 4132 praesumtio,
394 4047 469 4112 dum
485 4047 581 4112 nimis
596 4046 748 4122 extendit,
772 4045 929 4131 disjungit
948 4049 978 4110 el
995 4045 1070 4110 dum
1085 4046 1192 4130 erigit,
1216 4045 1324 4123 diruit,

177 4174 250 4218 cunr
264 4153 443 4238 anteponit,
460 4151 635 4237 postponit,
648 4173 684 4216 ac
700 4151 797 4229 intus,
813 4172 884 4216 cum
898 4151 976 4214 foris
992 4151 1161 4229 inflaverit,
1176 4150 1323 4214 inanivit.

137 4279 164 4319 aa
178 4256 264 4322 Nam
280 4279 352 4322 cum
374 4279 470 4342 supna
485 4257 567 4323 vires
590 4255 771 4322 stomachus
795 4255 948 4335 hauserit,
970 4279 1004 4320 se
1026 4255 1194 4322 confundit
1216 4259 1248 4321 et
1263 4256 1322 4320 im·

176 4362 426 4428 moderatissime
449 4362 619 4428 dilatatum
641 4360 733 4428 vitali
756 4359 880 4448 perdito
903 4361 1018 4448 spiritu
1040 4382 1093 4426 cor
1119 4359 1321 4446 semetipsum
