3172 4962
800 343 862 406 148

253 514 376 599 frangit
397 518 430 578 et
453 516 588 579 revocat.
634 510 724 578 Siout
744 512 864 598 legitur
886 513 920 579 in
936 514 1079 583 historiis
1101 513 1289 592 Alexandri,
1311 513 1409 599 quod,

252 641 324 684 oum
348 618 476 702 quidam
508 639 579 682 eum
603 617 743 700 graviter
775 618 978 708 offendisset,
1010 619 1139 685 nolebat
1169 621 1199 685 ei
1231 620 1410 696 dimittere,

253 723 442 789 Aristoteles
474 726 580 786 autem
608 720 668 785 hoo
698 742 893 807 cognoscens
925 723 1066 806 perrexit
1099 725 1138 789 ad
1170 745 1240 789 eum
1276 727 1309 789 et
1340 724 1409 788 ait:

254 829 334 905 volo,
359 827 496 904 domine,
521 826 604 910 quod
627 826 720 891 hodie
736 827 780 890 sis
796 827 983 892 victoriosus
998 829 1177 912 ulmaquod
1192 827 1293 893 fuisti.
1340 826 1412 903 Quo

226 931 466 1016 srespondsnte
481 932 544 996 ait:
567 931 647 996 bene
661 931 741 998 volo.
787 931 845 996 Cui
868 933 937 998 ille:
961 937 1007 1012 tu,
1030 955 1096 1013 rex,
1121 934 1278 1018 superasti
1300 933 1412 998 omnia

253 1059 354 1122 regna
378 1036 500 1114 mundi,
523 1036 576 1100 sed
602 1037 695 1101 hodie
718 1040 754 1100 tu
777 1041 945 1121 superatus
967 1059 1010 1115 es,
1033 1038 1118 1121 quia,
1143 1038 1171 1102 si
1193 1043 1226 1102 te
1249 1037 1413 1122 permittis

253 1142 411 1226 superari,
445 1141 545 1206 victus
568 1163 620 1217 es;
654 1142 680 1205 si
713 1146 749 1205 tu
779 1163 903 1226 quoque
935 1143 1035 1208 vincis
1058 1143 1281 1228 temetipsum,
1306 1143 1412 1208 victo-

254 1248 356 1311 riosus
379 1247 451 1323 eris,
475 1245 567 1329 qnia,
599 1246 655 1328 qui
676 1247 881 1329 semetipsum
904 1247 1023 1324 vincit,
1052 1252 1164 1312 contra
1186 1247 1293 1312 omnia
1315 1246 1413 1312 fortis

255 1358 320 1431 est,
352 1356 388 1415 ut
418 1351 496 1415 dicit
525 1349 743 1435 philosophus.
791 1350 840 1415 Ad
865 1350 931 1416 baec
962 1351 1058 1417 verba
1087 1351 1262 1416 vindictam
1285 1352 1413 1418 remisit

216 1480 242 1516 ιο
256 1455 436 1522 Alexander
458 1459 490 1520 et
512 1455 656 1538 placatus
673 1459 730 1519 est.
776 1453 912 1538 Propter
942 1456 1025 1538 quod
1056 1455 1173 1521 dicitur
1194 1456 1286 1522 Prov.
1311 1455 1413 1521 XVI:

255 1561 368 1626 melius
391 1565 440 1625 est
462 1559 587 1644 patiens
611 1561 677 1624 viro
700 1559 779 1624 forti
804 1565 837 1626 et
859 1560 915 1643 qui
939 1561 1253 1627 dominaturanimo
1275 1583 1331 1627 suo
1355 1583 1412 1625 ex-

256 1672 433 1751 pugnatore
454 1665 592 1729 urbium.

553 1837 611 1902 De
634 1861 740 1924 aqua
762 1843 803 1904 et
826 1839 944 1925 igne,
968 1839 1042 1906 dial.
1070 1795 1142 1904 10.Ι

345 1979 438 2062 Aqua
460 1979 499 2043 ad
523 2000 557 2042 se
580 1978 730 2046 clamavit
753 1979 861 2065 ignem
884 1979 1007 2043 dicens:
1040 2000 1153 2062 quare,
1186 1977 1302 2056 frater,
1332 1998 1412 2042 enn-

218 2106 243 2145 1s
257 2083 349 2148 trarii
376 2105 498 2166 semper
528 2105 637 2146 sumus
667 2089 699 2148 et
728 2083 874 2148 inimici?
910 2083 1037 2148 Bonum
1066 2087 1116 2147 est
1137 2089 1331 2166 preceptum
1354 2083 1412 2146 do-

257 2187 338 2250 mini
367 2187 541 2266 custodire,
571 2188 654 2271 quod
677 2187 771 2252 dicit:
806 2187 920 2272 diliges
942 2187 1122 2271 proximum
1151 2192 1242 2252 tuum
1273 2186 1414 2252 sicutte

258 2292 382 2376 ipsum,
414 2291 530 2357 Mattb.
556 2289 678 2356 xxw.
726 2292 809 2369 Quia
834 2292 1000 2375 plenitudo
1023 2291 1104 2378 legis
1125 2297 1173 2357 est
1196 2292 1343 2372 dilectio,
1374 2296 1414 2358 ut

259 2396 336 2460 dicit
367 2397 528 2480 apostolus
559 2399 599 2463 ad
630 2397 764 2463 Roman.
794 2395 903 2460 xl110.
955 2397 1014 2462 Oui
1042 2397 1145 2482 ignis:
1174 2397 1295 2480 placet,
1328 2395 1414 2480 quod

259 2501 348 2580 dicis,
372 2501 449 2584 quia
471 2501 599 2568 dilectio
622 2502 759 2586 proximi
783 2501 902 2566 malum
919 2523 983 2566 non
999 2505 1158 2587 operatur,
1181 2505 1217 2567 ut
1234 2501 1316 2566 idem
1332 2499 1414 2566 dicit

220 2627 245 2666 ao
259 2605 367 2669 eodem
390 2627 456 2688 cap.
503 2605 639 2690 Propter
661 2605 721 2670 hoc
743 2627 849 2670 eamus
870 2609 903 2678 et
924 2605 1121 2670 mansionem
1137 2605 1232 2670 simul
1247 2605 1414 2670 faciamus.

260 2710 408 2792 Cumque,
424 2711 518 2775 simul
541 2717 717 2790 manerent,
740 2731 904 2794 nunquam
928 2731 1036 2794 pacem
1059 2710 1230 2775 habebant.
1275 2709 1414 2795 Propter

260 2816 344 2896 quod
368 2815 453 2898 ignis
476 2837 590 2899 aquam
614 2837 695 2899 saepe
717 2815 923 2880 calefaciebat
952 2819 985 2879 et
1008 2815 1047 2880 ad
1071 2815 1210 2879 nihilum
1236 2814 1413 2900 redigebat,

260 2940 343 3001 aqua
366 2939 438 2981 vero
460 2941 544 3002 saepe
567 2921 674 3005 ignem
691 2920 926 3004 exstinguebat,
950 2919 1034 2984 unde
1049 2919 1122 2984 lites
1145 2923 1178 2983 et
1192 2919 1415 2984 contentiones

261 3024 345 3086 iuter
368 3043 420 3086 eos
442 3045 506 3087 non
530 3025 727 3088 desinebant.
775 3025 844 3102 Qua
867 3023 905 3087 de
928 3045 1023 3088 causa
1045 3024 1085 3088 ab
1108 3023 1243 3089 invicem
1266 3026 1342 3087 sunt
1365 3023 1416 3086 di-

223 3147 248 3184 n
261 3127 321 3190 risi
354 3126 510 3192 dicentes:
547 3127 654 3192 nullus
686 3129 779 3193 debet
810 3151 843 3192 se
878 3127 989 3193 binare
1019 3149 1089 3196 cum
1121 3127 1281 3196 norbano
1312 3149 1417 3212 neque

262 3237 355 3296 stare.
402 3231 453 3296 lta
476 3254 532 3297 uec
555 3233 657 3298 bonus
680 3233 800 3297 sociare
822 3253 855 3296 se
879 3232 971 3296 debet
996 3253 1052 3296 nee
1075 3231 1221 3297 habitere
1243 3253 1314 3296 cum
1330 3231 1416 3296 malo

263 3344 294 3403 et
316 3357 472 3420 perverso,
497 3338 551 3420 qui
574 3341 622 3401 est
645 3359 723 3401 suus
748 3337 936 3412 contrarius,
962 3337 1036 3418 (poia
1059 3336 1171 3400 leviter
1194 3337 1300 3422 perdit
1317 3336 1416 3420 justi·

264 3444 341 3506 tiam
364 3446 396 3504 et
419 3442 534 3505 famam
558 3463 647 3505 suam
680 3446 713 3504 et
742 3461 867 3504 omnem
899 3440 1115 3525 operationem
1146 3440 1261 3506 bonam
1285 3443 1417 3526 propter

262 3549 444 3612 societatem
471 3568 661 3630 perversam.
708 3544 799 3641 llnda
821 3544 950 3626 quidam
973 3544 1201 3629 philosophus:
1225 3545 1325 3632 eligas
1338 3565 1416 3630 ergo

223 3653 361 3717 aobonos
391 3657 423 3716 et
451 3650 603 3727 humiles,
634 3672 706 3716 cum
737 3649 852 3732 quibus
875 3650 979 3727 vivas,
1011 3653 1043 3714 et
1066 3649 1168 3714 bonus
1201 3649 1273 3716 eris.
1325 3649 1413 3714 Dicit

263 3757 427 3841 psalmista
442 3754 493 3821 Ps.
511 3753 639 3818 Xllll⁰:
663 3775 733 3818 cum
756 3757 866 3817 sancto
889 3758 1016 3817 sanctus
1040 3753 1101 3817 eris
1124 3757 1157 3818 et
1179 3775 1251 3819 cum
1267 3773 1412 3838 perverso

263 3860 460 3945 perverteris.
508 3857 679 3941 Apostolus
702 3857 761 3922 hoc
787 3879 853 3922 esse
876 3858 1052 3941 periculum
1076 3857 1289 3936 considerans,
1312 3857 1415 3924 vitam

264 3987 336 4030 cum
358 3964 450 4029 malis
474 3964 595 4039 ducere,
619 3960 776 4026 scribebat
786 3962 890 4045 prima
908 3961 947 4026 ad
965 3961 1057 4026 Thes.
1074 3961 1161 4028 111⁰:
1187 3961 1416 4028 denunciamus
1467 3975 1470 3979 '

263 4073 368 4134 autem
392 4069 495 4147 vobis,
519 4068 651 4144 fratres,
685 4067 718 4130 in
751 4067 877 4130 nomine
906 4067 1026 4131 domini
1061 4069 1164 4132 nostri
1185 4066 1262 4133 Jesu
1285 4067 1416 4146 Christi,

225 4195 250 4232 ss
267 4180 303 4240 ut
326 4173 523 4238 subtrahatis
547 4195 600 4237 vos
623 4173 664 4237 ab
680 4173 766 4236 omni
785 4173 880 4236 fratre
895 4171 1081 4237 ambulante
1096 4172 1289 4240 inordinate.
1334 4171 1417 4248 Quia

265 4279 341 4343 dicit
364 4277 536 4343 Ysidorus:
567 4277 742 4362 periculum
775 4283 823 4342 est
849 4277 948 4341 vitam
972 4297 1043 4341 cum
1065 4277 1158 4342 malis
1181 4278 1310 4355 ducem
1340 4298 1415 4362 per·

266 4383 419 4448 niciosum
443 4388 491 4450 est
515 4383 581 4461 his,
612 4383 666 4467 qui
690 4404 795 4466 pravae
816 4381 992 4447 voluntatis
1026 4387 1112 4462 sunt,
1146 4381 1269 4447 sociari.
1323 4381 1417 4447 Unde
