3146 4962
274 497 307 562 in
329 499 389 564 hoc
411 503 526 584 potest,
552 501 634 585 quod
656 499 770 566 melina
792 503 840 566 est
861 521 1004 566 amarum
1027 500 1192 566 consilinm
1216 523 1288 565 cum
1313 502 1428 584 quiete

273 607 305 665 et
333 603 500 669 securitate
529 627 624 689 quam
656 606 841 672 delectabile
872 628 942 671 cum
966 607 1108 691 periculo
1137 626 1173 669 ac
1194 605 1424 671 sollicitudine.

272 706 373 772 Prout
401 709 497 774 refert
527 710 668 796 Esopus,
702 711 784 794 quod
816 733 886 776 mus
917 711 1055 776 urbanus
1085 710 1173 774 venit
1194 710 1232 774 ad
1256 709 1365 774 villam
1391 715 1429 776 et

273 811 353 876 bene
375 817 518 896 receptus
542 819 589 880 est
611 841 630 881 a
652 839 742 882 mure
764 817 900 896 rustico,
931 817 1071 882 urbanus
1101 838 1175 881 vero
1204 815 1348 880 laudavit
1367 837 1428 880 ex-

247 937 385 1000 spensas
410 918 548 984 civitatis
571 924 603 985 et
625 943 730 987 aecum
753 921 882 986 deduxit
904 943 974 986 eum
991 921 1028 986 ad
1046 920 1209 986 cellarium
1223 920 1426 1004 episcopatus

273 1025 306 1084 et
343 1019 539 1088 delicatiores
577 1025 663 1090 cibos
706 1047 777 1091 cum
813 1047 849 1090 eo
886 1025 1098 1110 participavit.
1155 1025 1280 1090 Interea
1317 1024 1426 1089 claves

272 1131 472 1191 murmurant
495 1133 526 1192 et
549 1129 714 1194 claviarius
738 1131 889 1207 intravit,
913 1151 982 1195 mus
1009 1130 1150 1196 urbanus
1173 1129 1258 1215 fugit
1281 1129 1321 1194 ad
1344 1129 1424 1192 eoli-

274 1234 341 1294 tum
365 1230 516 1310 foramen,
541 1235 677 1299 rusticus
690 1256 763 1300 vero
780 1236 914 1320 impegit
936 1236 970 1299 in
993 1257 1083 1301 mnro
1106 1242 1139 1301 et
1162 1236 1214 1303 vix
1236 1235 1326 1299 vivus
1349 1254 1425 1297 eva-

274 1336 325 1402 sit.
371 1336 513 1401 Tandem
544 1345 759 1404 convenerunt
789 1340 823 1403 in
855 1363 954 1405 unum
984 1341 1126 1425 dixitque
1158 1361 1228 1406 mus
1260 1339 1298 1404 de
1327 1338 1425 1403 villa:

236 1471 261 1508 ιο
276 1461 334 1525 ago
363 1441 447 1505 malo
477 1442 591 1528 rodere·
617 1443 742 1522 fabam,
783 1467 876 1529 quam
909 1447 978 1510 rodi
1016 1447 1182 1529 repentina
1216 1466 1307 1520 cura,
1341 1443 1427 1508 habe

274 1545 341 1610 haec
362 1546 446 1612 bona
468 1547 564 1624 solus,
588 1571 658 1633 quae
681 1555 756 1614 sunt
778 1551 895 1636 gaudia
917 1551 977 1615 tibi
1000 1552 1068 1628 soli,
1092 1550 1172 1615 mihi
1195 1572 1254 1634 pax
1271 1549 1427 1634 opulenta

276 1651 310 1714 in
332 1651 480 1738 pauperie
504 1654 602 1719 vitam
626 1656 766 1740 quietam
782 1654 837 1720 dat
860 1660 892 1720 et
914 1656 1052 1742 pretinm
1075 1657 1154 1721 meis
1177 1655 1320 1740 dapibus

513 1828 567 1894 De
589 1829 709 1895 hirco
732 1833 775 1895 et
795 1851 991 1908 vervece,
1015 1829 1088 1946 dial
1115 1834 1184 1895 113.

365 1967 501 2056 Magnus
524 1991 601 2057 grex
621 1972 717 2037 simul
739 1971 954 2040 accumulatus
976 1971 1087 2036 edebat
1103 1972 1138 2036 in
1153 1969 1286 2054 pascuis,
1310 1989 1426 2034 vervex

238 2099 264 2138 is
278 2079 392 2153 autem,
416 2076 449 2139 id
471 2080 520 2140 est
542 2077 623 2141 aries
645 2078 694 2142 vel
716 2082 816 2156 muto,
840 2077 1017 2146 clamitavit
1039 2077 1164 2141 hircum
1187 2075 1224 2139 de
1248 2074 1352 2158 capris
1376 2072 1426 2136 di·

277 2200 367 2244 cens:
391 2184 480 2245 extra
503 2203 631 2266 gregem
653 2183 875 2266 procedamus,
909 2204 1006 2266 quare
1035 2203 1106 2246 cum
1130 2181 1241 2245 ovibus
1264 2183 1332 2244 tam
1355 2182 1425 2242 tur-

278 2285 363 2369 piter
384 2288 570 2390 manemus?
598 2285 737 2370 Cumque
766 2293 856 2352 extra
878 2307 1007 2372 gregem
1031 2287 1153 2352 exirent
1184 2289 1217 2351 et
1238 2284 1422 2350 societatem

278 2411 367 2454 suam
390 2395 585 2474 spernerent,
608 2393 701 2475 lupus
724 2413 832 2475 rapax,
857 2392 967 2476 quiin
991 2391 1079 2455 silvia
1103 2390 1269 2466 latitabat,
1293 2389 1326 2452 in
1351 2386 1424 2451 illos

278 2495 425 2559 exsiliens
450 2495 534 2579 ipsos
558 2496 727 2562 momordit
749 2500 781 2560 et
803 2517 836 2560 se
866 2497 955 2580 pavit
977 2496 1101 2562 dicens:
1135 2495 1248 2559 melius
1279 2497 1328 2558 est
1359 2513 1426 2557 esse

240 2597 415 2664 associatus
438 2623 533 2684 quam
555 2624 682 2666 manere
712 2607 935 2685 sequestratus.
990 2601 1028 2665 In
1059 2601 1119 2666 hoc
1147 2603 1296 2683 apparet,
1331 2596 1424 2680 quod,

280 2705 335 2789 qui
357 2706 480 2790 spernit
502 2707 700 2786 societatem,
725 2709 846 2792 spernit
868 2708 1084 2786 securitatem,
1117 2707 1192 2790 quia
1214 2704 1292 2770 dicit
1314 2703 1424 2768 Eccle-

279 2813 389 2876 siastes
411 2809 473 2876 IV:
498 2810 567 2874 vaeh
590 2813 659 2890 soli,
682 2814 766 2896 quia,
790 2815 817 2876 si
839 2813 995 2887 ceciderit,
1020 2833 1084 2876 non
1107 2811 1238 2876 habebit
1253 2809 1424 2875 sublevan-

280 2920 353 2980 tem.
401 2916 550 2994 Quadam
576 2918 669 2982 ornix
691 2917 828 2982 habebat
850 2917 953 3001 pullos
975 2917 1110 2994 multos,
1145 2936 1223 3000 quos
1247 2914 1339 2979 avide
1361 2912 1426 2976 ful·

280 3021 392 3086 ciebat.
438 3022 634 3087 Adveniente
666 3028 770 3088 autem
802 3023 899 3087 milvo
925 3023 1016 3087 ornix
1040 3021 1144 3111 pullos
1167 3021 1205 3086 od
1231 3041 1264 3084 se
1293 3039 1426 3104 congre·

242 3127 378 3212 rogavit,
402 3131 438 3192 ut
460 3129 545 3211 ipsos
568 3132 749 3213 protegeret
770 3151 789 3193 a
811 3149 939 3211 rapace,
965 3147 1074 3191 omnes
1097 3147 1187 3204 vero,
1216 3124 1272 3208 qui
1294 3124 1334 3188 ad
1357 3145 1426 3187 eam

282 3231 502 3316 confugerunt,
525 3233 660 3316 protecti
682 3236 758 3296 sunt
781 3238 813 3296 et
835 3231 965 3308 defensi,
990 3251 1071 3294 unus
1093 3234 1201 3294 tamen
1224 3229 1353 3294 illorum
1371 3249 1426 3312 per

282 3359 316 3401 se
337 3337 439 3402 solum
462 3338 567 3421 pieare
589 3337 691 3403 voluit
717 3359 774 3402 nec
802 3338 839 3402 de
862 3337 1011 3402 societate
1040 3335 1179 3414 curavit,
1215 3333 1299 3398 unde
1330 3355 1426 3417 rapax

282 3443 387 3527 ipsum
410 3445 517 3528 rapuit
539 3447 572 3508 et
593 3443 774 3528 asportavit.

496 3616 552 3684 De
573 3619 780 3702 panthera
802 3620 844 3682 et
866 3637 1009 3701 porco,
1033 3615 1108 3681 dial.
1135 3618 1206 3678 114.

244 3787 271 3826 so
370 3759 532 3825 Panthera
553 3763 601 3824 est
612 3757 729 3823 animal
752 3756 833 3820 varii
845 3756 968 3834 coloris,
987 3754 1155 3840 pulchrum
1177 3757 1209 3816 ct
1224 3752 1425 3818 odoriferum.

284 3865 369 3930 Dicit
391 3869 494 3931 autem
518 3863 655 3942 Solinus,
678 3863 761 3947 quod
782 3868 829 3927 est
844 3862 962 3926 animal
976 3861 1108 3937 varium,
1131 3859 1317 3944 speciosum,
1336 3859 1431 3923 nimis

282 3971 415 4036 minutis
438 3971 588 4036 orbiculis
610 3969 851 4053 superductum,
875 3968 921 4032 ita
943 3970 980 4031 ut
1003 3966 1133 4030 occultis
1156 3987 1193 4029 ex
1219 3965 1306 4028 fulvo
1329 3964 1431 4029 circu

284 4076 322 4140 lis
346 4077 450 4142 luceat
477 4081 509 4140 et
544 4077 577 4139 in
601 4074 768 4138 caeruleum
792 4072 840 4137 vel
864 4064 971 4136 album
992 4071 1133 4135 colorem
1156 4069 1291 4134 varietas
1314 4068 1431 4133 distin-

284 4186 409 4266 guatur.
455 4180 513 4244 Est
536 4185 641 4245 autem
670 4179 730 4244 hoc
752 4178 871 4243 animal
895 4177 1065 4242 admodum
1088 4178 1298 4251 mansuetum,
1322 4172 1431 4236 inimi·

246 4309 272 4346 ss
285 4308 357 4350 eum
380 4291 485 4351 autem
502 4285 598 4362 habet
613 4285 715 4348 solum
728 4285 903 4349 draconem.
937 4281 1020 4346 Dum
1033 4280 1205 4346 comederit
1220 4279 1432 4361 satiatumque

286 4391 383 4454 fuerit
405 4391 535 4454 diversis
558 4389 647 4462 cibis,
666 4392 706 4494 pt
729 4388 806 4454 dicit
828 4385 1056 4472 Physiologus,
1084 4384 1282 4450 reconditae
1304 4386 1336 4447 et
1358 4382 1433 4446 dor·

1560 4395 1563 4494 l

1561 4521 1563 4560 l
