3058 4946
669 347 708 414 73

114 523 274 602 Quomodo
298 529 422 602 antem,
453 545 495 588 an
524 523 627 588 baetis
647 525 680 588 et
702 523 830 588 ensibus
852 525 884 586 et
907 521 939 586 vi
962 544 1122 590 armorum
1144 527 1177 588 et
1198 545 1266 590 ma·

112 631 209 694 cbinia
231 629 383 694 bellicis?
426 627 581 706 Minime,
612 627 664 692 sed
688 627 756 693 sola
785 626 874 691 verbi
903 627 1003 692 divini
1033 628 1266 713 praedieatione.

112 733 221 800 Nonne
243 735 305 800 boe
329 733 477 800 miraculi
501 733 629 818 plenum
652 735 727 798 eet?
772 732 855 810 Quid
879 732 1009 798 interim
1031 738 1174 819 regeret
1198 757 1266 800 mo·

112 841 254 905 narchae'?
302 837 518 904 Fremnernnt
541 837 634 902 initio
656 837 876 914 vehementer,
901 857 960 900 nec
981 837 1074 902 hodie
1097 838 1192 923 plane
1214 862 1265 904 re·

112 947 240 1010 mittunt
264 943 342 1022 irae,
365 945 511 1008 fecerunt
533 942 566 1006 in
590 943 656 1025 ejus
679 942 829 1027 gratiam,
854 941 938 1025 quod
963 943 1066 1025 quivis
1089 943 1268 1010 adolemus

110 1073 163 1136 pro
185 1051 304 1135 puella,
331 1071 429 1134 qnam
453 1051 556 1124 amet,
579 1047 605 1111 ai
627 1046 862 1132 periclitantem
895 1047 1035 1126 videret,
1065 1048 1202 1114 libenter
1225 1049 1269 1114 ait

110 1155 255 1222 iacturas.
306 1153 392 1234 Quid
416 1153 548 1218 interim
571 1152 637 1229 illi,
663 1173 799 1235 quorum
821 1141 982 1235 scriptura
1004 1154 1160 1234 meminit,
1183 1177 1267 1221 mer·

110 1267 225 1326 catores
248 1263 308 1326 ant
333 1259 467 1344 quinam
493 1257 547 1322 iati
569 1259 668 1322 sunt?
699 1255 791 1320 Certe
813 1259 882 1320 totu
902 1257 1137 1340 pontificiorum
1160 1261 1266 1341 turba,

111 1367 161 1452 qui
183 1365 403 1432 characterem
427 1366 459 1426 et
483 1366 589 1426 nolam
613 1363 731 1447 gerunt
752 1361 879 1438 bestiae,
909 1362 964 1446 qui
988 1383 1054 1447 prae
1075 1366 1187 1430 ceteris
1210 1364 1268 1431 ho·

110 1471 245 1536 minibus
269 1469 417 1554 insignia
440 1466 582 1550 qnaedam
606 1466 726 1532 hubent
749 1467 925 1552 privilegia.
969 1465 1063 1534 Stant
1085 1491 1194 1535 omnes
1218 1474 1266 1536 at-

111 1576 211 1652 toniti,
234 1575 411 1650 mirantur,
435 1593 505 1654 quae
527 1571 593 1636 sint
615 1571 677 1635 ista
700 1570 846 1650 fulnrina,
871 1593 941 1654 quae
956 1577 1128 1656 tempestas
1145 1578 1177 1640 et
1191 1596 1266 1658 pro·

110 1680 201 1756 cellae,
224 1681 401 1764 deplorant
430 1677 574 1742 miserias
600 1680 632 1741 et
663 1679 885 1760 paupertatem
915 1698 1026 1755 auam,
1058 1678 1163 1763 quod,
1197 1701 1267 1744 cum

111 1789 200 1848 antea
221 1781 489 1868 copiosssiaaimam
511 1779 665 1845 haberent
690 1801 831 1858 messem,
855 1783 888 1844 et
910 1780 1106 1847 uberrimum
1128 1783 1269 1849 facerent

110 1911 144 1952 ex
165 1889 260 1952 rebus
285 1887 438 1952 omnibus
461 1885 833 1969 variumque-quoeatum,
856 1906 942 1950 nuno
965 1887 1059 1971 plane
1081 1888 1147 1953 aiut
1170 1889 1267 1954 deaii·

113 1995 181 2070 tuti,
206 2016 266 2059 nec
289 1993 453 2058 rationem
475 1991 572 2055 ullam
595 1988 861 2070 videantamiasa
884 1992 1097 2074 recuperandi.

193 2097 256 2164 Sed
280 2121 323 2163 ne
347 2097 409 2162 boc
430 2097 535 2180 ipsum
557 2094 684 2179 quidem
708 2093 889 2178 presidium
920 2099 952 2159 et
982 2097 1268 2182 propugnaculum,

114 2225 172 2287 qno
203 2204 269 2268 iere
300 2203 371 2268 solo
402 2202 520 2265 nititur
548 2198 711 2264 Romanus
744 2200 907 2278 dominus,
938 2199 1066 2274 firmum
1096 2202 1174 2266 satis
1205 2203 1269 2267 fuit

113 2303 264 2371 hactenus
289 2312 350 2372 aut
372 2306 517 2371 solidum.
564 2303 782 2370 Defenderunt
805 2305 896 2370 illum
919 2307 1013 2371 initio
1036 2327 1126 2393 regau
1149 2307 1269 2391 pariter

115 2431 235 2486 omnen,
270 2415 305 2477 et
339 2413 386 2474 ita
415 2409 543 2494 quidem
576 2409 711 2488 acriter,
747 2414 783 2474 ut
810 2411 918 2475 omnia
947 2410 1129 2476 viderentur
1153 2432 1211 2497 pro
1233 2433 1270 2476 eo

116 2517 308 2600 ansoaptnri,
342 2537 429 2580 nunc
458 2519 564 2579 autem
592 2535 630 2578 ex
661 2513 712 2578 his
742 2514 820 2598 ipsis
851 2515 979 2599 quidam
1003 2515 1204 2593 defecerunt,
1238 2518 1271 2580 et

686 2637 704 2675 ἢ

118 2745 174 2788 nne
189 2724 252 2790 Got
274 2726 333 2792 der
356 2724 582 2811 barmhertzig,
606 2724 646 2788 da
668 2745 703 2788 er
725 2723 857 2808 spricht,
881 2723 915 2788 lr
937 2725 1023 2790 mein
1039 2727 1141 2805 volck,
1165 2725 1269 2790 moine

118 2831 331 2908 anaserlrorne,
355 2831 464 2896 lliehet
486 2831 547 2896 auli
570 2831 625 2896 der
647 2849 779 2915 grossen
803 2831 868 2892 stat
890 2827 1054 2914 Babylon,
1077 2831 1118 2896 da
1139 2831 1189 2895 die
1211 2851 1267 2916 ge-

119 2933 297 3001 achmnclrte
322 2936 414 3001 dirue
436 2935 483 2998 ire
507 2956 643 3019 wonung
665 2933 741 3014 hat,
776 2933 877 2998 dumit
906 2933 935 2997 ir
966 2933 1029 2998 irer
1057 2937 1178 3000 eunden
1202 2936 1266 3000 und

120 3039 221 3117 laeter,
243 3041 328 3107 anch
352 3040 415 3105 irer
438 3039 596 3125 atraffung
618 3039 684 3103 und
707 3039 895 3104 verderbens
918 3040 968 3103 nit
990 3038 1163 3126 teylbaitig
1187 3062 1266 3104 wer-

121 3145 200 3209 dcnt.
245 3145 342 3211 Denn
367 3145 413 3210 ire
443 3145 648 3209 miseathalen
681 3144 746 3208 und
769 3144 890 3208 attuden
914 3143 985 3208 sind
1009 3143 1062 3208 bill
1084 3165 1145 3228 gen
1169 3145 1267 3210 himel

118 3251 328 3336 unigentigen,
353 3251 417 3315 und
441 3249 505 3314 Got
526 3250 569 3314 iet
591 3248 670 3314 aller
692 3249 756 3313 ir'er
778 3249 876 3312 laeter
898 3247 1101 3330 eingedenclr.
1142 3247 1270 3313 Beaalet

120 3355 163 3417 aie
184 3355 242 3420 ruit
265 3354 430 3420 deraelben
456 3376 578 3418 mussan
600 3354 660 3417 wie
682 3353 728 3417 aia
750 3353 829 3418 cuch
854 3351 975 3436 gethan
998 3351 1064 3429 but,
1087 3352 1152 3416 und
1175 3351 1268 3437 gebts

119 3459 147 3522 ir
167 3459 328 3544 zweyfach
351 3459 433 3525 nach
457 3460 524 3524 iren
540 3459 692 3525 werckeu.
729 3457 779 3522 Im
802 3451 1063 3542 tririclrgeacbier,
1087 3455 1201 3521 darinn
1225 3457 1272 3521 sie

123 3565 184 3628 iren
218 3565 401 3630 oneanbern
437 3563 518 3627 wein
551 3562 726 3648 genrieoht,
761 3562 826 3626 und
857 3561 936 3626 euch
967 3561 1176 3647 geschenoket
1204 3560 1271 3639 hat,

122 3669 246 3734 wollent
270 3670 300 3732 ir
323 3668 498 3733 widemmb
529 3667 676 3732 uweifach
712 3665 853 3732 mischen
888 3667 952 3730 und
985 3665 1171 3730 achenoken.
1223 3664 1273 3729 Ye

124 3775 247 3840 atoltzer
269 3775 336 3840 und
361 3773 576 3859 hoohfertiger
599 3775 645 3838 sie
667 3795 822 3860 genesen,
845 3773 911 3836 und
933 3795 972 3858 ye
988 3776 1131 3858 grbssere
1146 3768 1273 3833 wolluat

123 3877 164 3944 eie
185 3879 308 3966 ghapt,
346 3901 387 3964 ye
415 3883 577 3963 grossereu
609 3878 805 3944 schmertzen
838 3877 967 3942 wollent
997 3877 1026 3940 ir
1056 3875 1180 3940 anthdn
1212 3877 1270 3938 etc.

127 3981 244 4050 naam
267 3986 355 4050 daun
379 3983 547 4068 gewisslich
571 3985 635 4048 und
659 3981 978 4067 onwidersprechliob
1001 3984 1038 4047 uli
1061 3978 1270 4045 beaoblieaaen

127 4087 173 4159 ist,
195 4089 249 4154 das
272 4091 330 4154 der
354 4087 545 4166 Endchrist,
579 4087 634 4154 der
663 4086 893 4171 widcrwertige
917 4085 1030 4161 Gotio,
1065 4085 1163 4150 fallen
1187 4085 1289 4170 mut,

126 4193 202 4258 denn
218 4195 281 4260 Got
303 4196 380 4261 hate
401 4193 518 4278 geredt,
543 4193 592 4258 die
614 4191 770 4258 schriften
793 4191 857 4255 und
881 4189 1081 4275 propheciam
1104 4190 1165 4254 mit
1187 4189 1271 4254 allen

128 4295 191 4362 iren
211 4299 437 4375 umbstenden,
459 4297 521 4362 und
537 4298 683 4383 ueyohen,
707 4296 877 4362 schlieasen
894 4294 1077 4383 eygentlich
1093 4295 1161 4359 auff
1173 4294 1272 4371 diaen,

131 4403 188 4466 und
210 4403 332 4490 keynen
357 4402 504 4468 anderen.
