3058 4946
740 283 800 347 124

190 452 291 520 aDeo
314 453 425 532 vetuit,
449 453 532 538 quod
556 452 663 518 nullus
685 475 827 537 unquam
848 451 924 518 iecit
946 457 1113 540 tyrannus,
1136 455 1344 538 quantumvis

188 558 381 623 inhumanus
394 562 426 622 et
441 561 549 635 atrox3
574 558 639 642 qui,
655 563 728 641 post
743 559 877 622 vetitum
894 557 1144 638 matrimonium,
1166 559 1343 625 fenestram

70 674 72 680 '
188 664 312 747 aperuit
334 666 366 728 et
389 661 474 726 riam
497 662 646 746 patefecit
668 663 707 728 ad
729 684 823 728 omne
846 684 946 749 genus
969 663 1152 741 libidinum,
1176 665 1291 748 quibus
1307 669 1344 729 et

189 767 265 852 ipse,
289 771 443 852 tanquam
464 773 573 832 auctor
596 767 690 851 hujus
712 771 778 832 tam
800 767 930 832 nefariae
947 768 1035 852 legis,
1058 769 1234 834 concitatus
1248 769 1344 833 iuriis

189 870 377 948 ultricibus,
412 872 553 936 omnium
587 873 788 956 spurcissime
815 872 882 937 fere
915 874 1149 940 contaminatus
1183 878 1247 952 est3
1285 874 1343 958 qui

188 1000 283 1056 nuno,
305 981 511 1062 posteaquam
535 979 674 1044 detectus
690 983 748 1056 est,
773 981 809 1042 ut
823 977 985 1062 apostolus
1001 979 1238 1063 praenuntiavit,
1263 979 1344 1044 totis

189 1083 311 1148 viribus
326 1087 491 1167 oppugnat
506 1083 690 1159 veritatem
715 1083 768 1168 qui
784 1088 937 1167 tanquam
953 1084 1035 1148 alter
1050 1082 1345 1150 Nabuchodonosor

191 1209 316 1267 omnes,
341 1192 498 1274 quotquot
520 1193 658 1254 statuam
681 1191 747 1274 ejus
771 1211 835 1254 non
858 1190 1000 1268 adorant,
1024 1193 1056 1258 et
1078 1189 1192 1274 ipsum,
1215 1194 1252 1254 ut
1274 1194 1341 1254 ter·

189 1316 300 1361 renum
335 1319 470 1376 numen,
505 1319 661 1362 summanr
694 1296 894 1361 obtinentem
924 1296 959 1361 in
992 1295 1115 1360 animas
1148 1297 1181 1358 et
1209 1316 1345 1380 corpora

189 1403 299 1466 nostra
319 1405 518 1484 potestatem,
543 1423 607 1466 non
631 1406 814 1467 reverentur
836 1406 869 1465 et
891 1402 1011 1478 colunt,
1035 1400 1249 1467 crudelissime
1267 1422 1344 1484 per-

190 1505 346 1589 sequitur;
379 1507 434 1590 qui
465 1529 531 1592 prae
553 1508 665 1572 ceteris
687 1507 814 1592 populis
845 1506 1046 1572 Germaniam
1070 1527 1133 1570 non
1156 1504 1253 1570 semel
1275 1504 1343 1568 cir-

190 1611 360 1690 cumvenit,
384 1611 456 1676 risit
478 1617 510 1676 et
532 1613 644 1696 opibus
668 1611 840 1699 eijausit3
864 1613 930 1696 qui,
953 1613 1081 1677 tametsi
1097 1609 1216 1678 videta
1237 1609 1343 1694 pluri-

62 1735 68 1748 *
190 1715 252 1780 mis
270 1717 337 1800 jam
367 1737 400 1779 se
415 1715 617 1782 'destitutum
648 1739 735 1795 esse,
769 1718 844 1782 licet
874 1719 1036 1802 intelligat
1069 1716 1187 1782 multos
1216 1715 1255 1780 ad
1285 1715 1344 1779 de-

190 1819 359 1886 fectionem
382 1823 532 1905 epectare,
557 1844 739 1905 quanquam
754 1845 818 1888 non
836 1822 972 1907 ignorat,
994 1821 1149 1906 paulatim
1165 1820 1343 1885 abalienari

190 1923 376 2010 plerosque,
406 1947 532 1990 securus
555 1930 663 1991 tamen
686 1927 848 2011 persistit,
883 1931 916 1991 et
940 1927 1030 2010 quasi
1055 1926 1178 1990 nullum
1201 1928 1283 1990 esset
1305 1925 1345 1988 in

190 2029 289 2112 ipsius
311 2029 377 2094 vita
398 2029 573 2114 flagitium,
607 2051 671 2094 non
704 2031 824 2114 praebet
846 2031 946 2095 ullum
970 2029 1168 2114 poenitentia
1191 2029 1345 2114 signum3

190 2133 259 2211 his,
294 2133 439 2218 inquam,
472 2135 633 2200 decausis
656 2136 844 2202 deserendus
868 2139 936 2214 est,
972 2157 1008 2200 ac
1031 2135 1218 2220 fugiendum
1241 2133 1281 2197 ab
1304 2155 1347 2198 eo

192 2241 344 2323 tauquam
368 2239 408 2304 ab
429 2241 573 2306 omnium
595 2243 778 2306 mortalium
810 2241 1013 2325 nequissimo.
1059 2239 1111 2305 Sic
1140 2239 1271 2303 meritus
1294 2244 1347 2302 est

191 2343 280 2429 ipre,
312 2342 359 2408 sic
381 2343 481 2428 ipsius
504 2346 654 2430 majores,
688 2347 730 2436 de
748 2345 855 2425 nobie,
893 2349 929 2410 ut
952 2346 1047 2412 liceat
1078 2343 1118 2408 ab
1141 2364 1177 2408 eo
1201 2364 1346 2428 quaeun-

191 2469 253 2532 que
274 2448 403 2514 taudem
426 2451 548 2516 ratione
571 2473 773 2536 recuperare,
808 2473 879 2535 quae
901 2450 1043 2536 pervim
1066 2454 1098 2513 et
1121 2448 1228 2513 dolum
1250 2447 1348 2513 nobis

192 2552 318 2616 ademit.
375 2551 469 2620 Sedet
501 2556 665 2636 intentus,
703 2560 736 2621 et
769 2555 950 2640 speculatur
983 2576 1110 2621 omnem
1146 2553 1347 2619 occasionem

191 2659 405 2724 concutiendae
428 2659 614 2726 Germania.
660 2661 741 2736 Quia
764 2666 919 2746 tyrannus
951 2665 1020 2738 est,
1056 2659 1214 2724 neminem
1246 2663 1346 2736 amat,

193 2760 262 2825 odit
291 2784 420 2840 omnes,
453 2767 486 2828 et
517 2765 585 2830 odit
607 2789 626 2831 a
648 2765 757 2830 multis
783 2765 850 2850 jam
879 2765 1019 2844 saeoulia,
1054 2767 1087 2829 et
1116 2786 1178 2848 quo
1209 2764 1348 2848 quisque

191 2867 354 2950 potentior
377 2872 434 2948 est,
458 2869 517 2935 hoc
540 2869 755 2936 vehementiur
779 2893 851 2936 eum
873 2871 963 2949 odit;

758 3043 777 3084 t

192 3179 352 3260 erinnem,
376 3183 555 3249 dermasseu
577 3205 748 3270 erneygen,
779 3185 835 3250 das
857 3185 1061 3270 demjhenen,
1096 3184 1152 3249 der
1173 3183 1347 3247 allesrer-

192 3286 289 3372 giftet
311 3288 376 3353 und
399 3289 545 3354 verderbt
566 3290 655 3368 hatt,
685 3291 745 3354 wie
768 3290 819 3354 die
841 3290 956 3356 schrift
978 3293 1069 3376 sagt,
1100 3289 1154 3353 der
1177 3288 1239 3352 alle
1261 3285 1347 3350 hoff-

193 3413 283 3476 nung
305 3393 435 3480 cyniger
458 3393 631 3480 beaserung
653 3395 868 3474 absebneidet,
892 3395 947 3460 der
970 3396 1082 3461 andere
1105 3395 1156 3458 nit
1178 3393 1246 3458 sein
1266 3391 1345 3468 kun,

193 3495 279 3560 daun
303 3497 362 3561 wie
384 3498 493 3576 erist,
517 3499 571 3563 der
593 3499 627 3563 in
651 3499 759 3578 disem,
783 3521 845 3564 von
867 3500 911 3563 im
927 3499 1130 3586 sigerichten
1142 3500 1255 3581 jamer,
1277 3498 1348 3561 und

192 3622 367 3687 gemeyner
399 3601 520 3681 ellend,
555 3601 662 3666 nicbts
693 3602 824 3682 andere,
858 3604 944 3668 danu
966 3625 1061 3668 unser
1083 3602 1257 3668 verderben
1279 3600 1347 3665 und

193 3705 374 3772 endtlichen
397 3707 584 3792 undergang
607 3706 751 3792 begeret,
784 3728 824 3771 an
856 3708 960 3773 seincr
989 3707 1147 3792 boffnung
1169 3707 1234 3771 und
1256 3704 1348 3770 bldt·

193 3812 328 3898 girigem
358 3811 424 3876 lust
455 3811 668 3879 falemwirdt.
713 3813 776 3891 Er,
809 3813 875 3877 und
906 3814 992 3878 seine
1021 3813 1189 3888 vorfaren,
1224 3809 1348 3875 hebens

193 3917 269 3982 umb
292 3939 368 3998 uns,
401 3919 467 3984 und
490 3939 601 3994 unsere
622 3916 744 3983 Nation
769 3917 949 3982 dermasseu
971 3918 1154 3996 verdienct,
1182 3916 1237 3980 das
1269 3937 1348 3980 man

167 4022 322 4092 billiche
344 4025 409 4088 und
432 4023 522 4088 mebr
545 4023 629 4088 daun
654 4027 831 4108 gndgsame
862 4021 976 4087 nrsach
1007 4023 1082 4100 hat,
1117 4023 1161 4086 im
1192 4021 1253 4086 mit
1274 4018 1348 4085 anf-

193 4126 363 4212 richtigem
386 4128 492 4213 krieg,
524 4129 598 4193 oder
630 4132 738 4205 sonst,
772 4127 946 4193 widerumb
969 4127 1203 4212 abaddringen,
1233 4126 1288 4190 das
1311 4147 1350 4190 er

194 4253 254 4296 uns
277 4233 338 4298 mit
359 4232 562 4297 ldsterliehen
586 4232 769 4317 practichen
793 4237 947 4318 entaogen
970 4233 1035 4297 hat.
