3146 4962
690 335 753 400 2⁷9

149 505 297 586 Drusum,
322 510 354 571 et
365 505 440 571 licet
462 511 543 572 esset
564 529 700 592 pagana,
722 512 829 574 tamen
851 529 908 593 per
924 529 1077 596 magnum
1092 529 1220 575 sensum
1235 533 1292 576 na·

147 611 280 678 turalem
304 613 506 678 exsistentem
530 615 563 678 in
587 636 638 692 se,
661 613 806 704 deposuit
828 614 937 680 omnia
958 615 1052 700 signa
1075 616 1219 680 moeroris
1242 616 1293 680 di·

147 723 236 782 cens:
259 718 335 802 quid
357 719 486 803 prodest
507 718 635 797 timere,
659 720 743 804 quod
765 741 830 784 non
853 725 959 805 potest
981 721 1112 798 evitari,
1147 726 1179 786 et
1208 721 1292 800 flere,

148 822 241 906 quod,
273 823 347 888 dum
370 824 501 902 venerit,
525 846 589 890 non
613 830 717 910 potest
739 827 904 891 revocari?
947 825 1040 892 Unde
1062 823 1196 890 Seneca:
1228 846 1293 890 nou

121 925 302 1013 seffligltnr
334 930 459 1012 sapiens
491 928 630 996 filiorum
662 931 830 996 amissione
865 951 923 997 nec
956 931 1150 1008 amicorum,
1184 929 1294 995 eodem

148 1032 240 1098 modo
261 1032 345 1099 ferre
366 1038 472 1120 potest
494 1035 621 1100 illorum
650 1039 803 1114 mortem,
836 1057 899 1120 quo
921 1057 1010 1101 suam
1033 1037 1204 1118 exspectat.
1250 1032 1292 1098 Et

149 1136 274 1220 quidem
295 1140 447 1204 memoris
467 1139 579 1206 mortis
601 1145 649 1206 est
671 1141 828 1225 quoddam
849 1141 976 1206 henum
999 1140 1164 1206 refrenans
1186 1140 1290 1204 homi-

148 1263 231 1320 nem,
254 1264 294 1308 ne
316 1244 411 1310 nimis
432 1243 541 1310 effluat
563 1248 596 1310 et
618 1245 773 1311 discurrat
794 1268 850 1330 per
872 1246 1057 1312 latitudines
1081 1246 1291 1330 cupiditatum

129 1349 181 1412 -et
202 1347 379 1416 libidinum.
406 1349 520 1416 Mortis
541 1351 706 1417 meditatio
728 1373 851 1417 summa
867 1357 915 1417 est
931 1351 1141 1436 philosophia,
1164 1355 1202 1416 ut
1216 1351 1295 1416 dlcit

109 1451 250 1520 1oPlato.
296 1453 388 1520 Unde
407 1455 521 1521 dicitur
544 1458 578 1520 in
595 1455 673 1522 Vita
687 1456 842 1522 Johannis
864 1457 1085 1536 elemosinarii,
1108 1457 1193 1541 quod
1207 1455 1292 1520 anti·

149 1557 267 1640 quitus,
284 1565 450 1645 postquam
464 1563 635 1646 imperator
645 1567 813 1628 coronatus
824 1567 901 1640 erat,
914 1561 1024 1626 atatim
1036 1561 1296 1647 ingrediebantur

148 1662 187 1726 ad
210 1684 282 1728 eum
303 1665 508 1733 edificatorea
531 1671 809 1734 monumentorum
840 1669 979 1734 dieentes
1008 1667 1123 1733 eidem:
1159 1667 1197 1732 de
1231 1687 1295 1751 quo

147 1767 198 1834 val
220 1769 257 1834 de
280 1772 368 1855 quali
378 1773 508 1839 metallo
520 1773 623 1857 jubes,
639 1774 820 1858 imperator,
844 1774 913 1839 lieri
927 1776 1169 1839 monumentum
1181 1772 1295 1836 tuum?

149 1872 350 1941 Insinuantes
373 1877 481 1958 hocei,
504 1883 542 1943 ut
562 1879 666 1958 sciret,
691 1879 774 1964 quod
796 1879 890 1944 homo
913 1877 1129 1963 corruptibilis
1151 1881 1184 1940 et
1205 1880 1295 1940 trun-

109 2005 134 2042 rs
148 1980 277 2046 alterius
308 1987 410 2062 esset,
441 1989 478 2049 ut
509 2005 617 2049 curam
647 1984 778 2049 haberet
807 1984 920 2048 animae
943 2005 1007 2048 suae
1029 1987 1062 2049 et
1086 1981 1220 2068 re‘gnum
1243 1979 1295 2063 pie

148 2085 328 2170 disponeret
349 2093 381 2153 st
403 2090 603 2176 gubernaret,
624 2089 717 2172 juxta
739 2089 818 2153 illud
833 2087 916 2153 Ecol.
934 2086 1014 2154 VII:
1040 2105 1214 2150 memorare
1236 2107 1293 2150 no-

148 2191 276 2256 vissima
297 2195 353 2257 tua
383 2197 416 2258 et
444 2195 477 2259 in
509 2199 661 2260 aeternum
692 2213 755 2258 non
786 2193 950 2278 peccabis?
994 2192 1120 2258 Recitat
1142 2191 1296 2256 Allonsus

148 2297 182 2360 in
212 2301 352 2366 tractatu
384 2321 441 2366 suo
470 2300 508 2364 de
531 2300 715 2385 prudentia,
749 2299 832 2383 quod
860 2302 985 2363 mortuo
1008 2295 1199 2375 Alexandro,
1223 2317 1295 2360 euru

148 2401 238 2466 lieret
265 2404 294 2468 ei
326 2405 525 2489 sepulchrum
559 2425 709 2482 aureum,
745 2409 960 2470 convenerunt
992 2403 1031 2468 ad
1063 2423 1134 2467 eum
1164 2400 1294 2487 plurimi

108 2533 133 2573 m
147 2508 346 2594 philosophi,
376 2532 415 2576 ex
441 2511 555 2595 quibus
579 2533 660 2576 unus
691 2511 789 2575 dixit:
835 2509 1014 2575 Alexander
1043 2527 1081 2571 ex
1111 2525 1187 2572 auro
1217 2505 1294 2571 feeit

147 2614 349 2694 thesaurum,
380 2635 465 2680 nune
493 2637 510 2680 e
539 2616 700 2682 contrario
729 2637 841 2680 aurum
873 2615 911 2679 de
933 2635 970 2680 eo
991 2612 1068 2678 fecit
1097 2611 1291 2678 theseum.

146 2717 239 2785 Alius
261 2741 385 2805 quoque
407 2720 507 2788 dixit:
542 2721 722 2786 Alexander
744 2720 811 2786 heri
834 2719 961 2806 populis
983 2717 1176 2803 imperabat,
1199 2715 1292 2780 hodie

12 2905 16 2912 ,
146 2825 256 2910 populi
278 2825 437 2910 imperant
458 2825 517 2890 illi.
556 2827 648 2892 Alius
669 2847 743 2891 vero
766 2826 864 2891 dixit:
886 2825 955 2890 heri
970 2821 1152 2889 Alexander
1174 2821 1292 2886 multos

146 2931 302 3014 potuisset
323 2953 342 2996 a
363 2935 464 2996 morte
486 2931 640 3012 liberare,
672 2931 767 2996 hodie
797 2932 896 3017 ipsius
926 2929 1039 2995 mortis
1059 2909 1174 3014 'jacula
1200 2927 1235 2990 in
1258 2949 1292 2992 se

107 3035 243 3105 remissa
264 3059 327 3102 non
350 3038 457 3121 potuit
470 3037 597 3104 evitare.
632 3035 725 3103 Alius
742 3037 840 3102 dixit:
863 3035 1043 3101 Alexander
1065 3033 1135 3098 heri
1159 3030 1292 3096 ducebat

146 3142 326 3223 exercitum,
349 3142 442 3208 hodie
463 3143 503 3208 ab
524 3143 590 3210 illis
613 3143 738 3208 ducitur
760 3143 799 3207 ad
822 3141 1027 3226 sepulturam.
1073 3138 1166 3203 Alius
1194 3137 1289 3201 dixit:

146 3247 325 3315 Alexander
357 3248 426 3315 heri
455 3254 572 3316 terram
602 3249 765 3334 promebat
803 3251 836 3313 et
872 3247 964 3312 hodie
997 3246 1037 3311 ab
1068 3265 1106 3310 ea
1137 3241 1291 3327 premitur

146 3352 223 3437 ipse.
268 3353 360 3420 Alius
386 3356 485 3422 dixit:
518 3356 585 3422 heri
612 3351 829 3419 Alexandrum
855 3358 967 3438 gentes
993 3350 1168 3436 timebant,
1200 3345 1295 3411 hodio

146 3479 217 3523 eum
239 3459 333 3524 vilem
355 3464 514 3544 reputant.
560 3457 652 3523 Alius
674 3459 773 3523 dirit:
798 3458 976 3523 Alexander
999 3454 1069 3520 heri
1091 3453 1210 3520 amicos
1233 3451 1291 3516 ha-

106 3595 133 3632 ao
147 3565 234 3644 huit,
265 3564 358 3631 hodie
379 3565 515 3649 aquales
540 3583 647 3629 omnes
669 3563 773 3628 habet
821 3562 913 3628 Alius
935 3561 1034 3626 dixit:
1070 3560 1098 3624 ei
1131 3557 1199 3624 heri
1229 3577 1293 3622 non

147 3669 325 3736 sufficiebat
345 3673 432 3736 totus
456 3671 608 3748 mundus,
642 3668 734 3734 hodie
756 3667 920 3752 sepultura
942 3668 1083 3752 quinque
1105 3664 1221 3749 pedum
1243 3667 1291 3728 est

147 3781 325 3844 contentus.
355 3775 390 3842 Si
412 3777 483 3860 quis
505 3777 568 3842 ista
590 3773 810 3851 consideraret,
834 3772 927 3838 dietis
941 3773 1043 3837 modis
1059 3793 1093 3836 se
1108 3769 1291 3834 refrenaret

148 3883 274 3948 Dicitur
297 3881 334 3948 de
355 3883 480 3946 vivente
502 3881 639 3959 homine,
667 3879 751 3965 quod
774 3879 865 3963 quasi
898 3877 1136 3962 sterquinilium
1165 3875 1199 3939 in
1230 3874 1294 3938 fine

148 3989 306 4074 perdetur,
329 3987 400 4054 Job.
424 3985 493 4052 XX.
539 3985 612 4051 Ideo
635 3984 818 4070 praecipitur
842 3981 957 4076 diocles.
981 3980 1110 4047 XXVI:
1135 3982 1293 4045 memento

10 4177 11 4180 Ἴ
107 4129 133 4168 ³⁶
147 4097 240 4174 linis,
271 4095 384 4160 melius
406 4098 455 4158 est
477 4093 516 4157 ad
540 4093 666 4156 domurn
689 4091 793 4155 luctus
815 4089 861 4154 ire
885 4111 981 4172 quam
1003 4089 1043 4153 cd
1066 4087 1192 4151 domurn
1217 4102 1292 4151 oon·

147 4202 242 4278 vivii:
263 4201 322 4266 'ibi
353 4199 438 4265 enim
465 4198 539 4264 linis
570 4201 756 4262 cunctorum
780 4195 968 4260 admonetur
996 4193 1161 4258 hominum
1190 4195 1222 4256 et
1245 4191 1292 4255 vi·

147 4329 223 4372 vens
240 4307 370 4394 cogitat,
387 4305 462 4391 quid
477 4303 621 4369 futurum
634 4302 676 4367 sit
690 4303 727 4379 ei,
742 4300 817 4385 quic
828 4299 948 4364 seilicet
960 4298 1058 4363 simili
1069 4298 1132 4362 fine
1144 4296 1292 4362 clauden-

147 4414 206 4478 dus
218 4415 270 4478 sit
295 4409 467 4479 Ecclvll:
486 4410 600 4475 idcirco
612 4406 769 4474 attendite
781 4410 813 4472 at
828 4403 1035 4480 considerate,
1052 4403 1134 4486 quod
1145 4402 1179 4466 in
1191 4405 1291 4467 morte
