3160 4960
840 336 881 398 14

282 528 368 572 mum
392 505 564 590 prudenter
585 505 695 592 eligas,
719 506 774 571 ubi
797 505 989 572 confidentia
1003 527 1113 574 secura
1128 508 1280 592 quiescas.
1317 505 1441 576 Nonne

281 611 409 696 sapiens
433 608 626 676 architectus
648 610 683 674 in
705 613 791 676 terra
812 610 920 675 stabili
944 609 1092 676 fodiendo
1115 613 1231 696 quaerit
1245 613 1440 680 fundamen-

285 719 354 781 tum
377 713 524 782 stabilius
549 708 582 778 et
612 713 702 778 navis
733 713 869 799 pervigil
898 713 1111 800 gubernator,
1145 721 1316 802 antequam
1348 740 1442 784 susm

293 821 506 888 accommodet
521 839 678 896 ancoram,
701 822 859 884 scrumtor
882 818 989 904 abyssi
1000 819 1166 904 plumbata
1180 821 1308 888 cordula
1324 824 1443 906 qumrit

274 925 491 992 stutissimum
512 925 777 990 fundamentum?
808 921 933 990 Stultus
963 923 1048 988 enim
1069 928 1135 1004 est,
1164 925 1219 1010 qni
1248 947 1342 1010 super
1371 947 1442 992 rem

285 1031 470 1097 instabilem
492 1030 628 1098 fabricat
650 1033 683 1094 et
705 1049 814 1094 amens
837 1050 875 1094 ex
897 1031 976 1108 toto,
999 1029 1055 1113 qui
1071 1028 1164 1094 rebus
1185 1029 1381 1096 mobilibus¹
1405 1053 1441 1096 se

285 1136 325 1200 ab
349 1135 466 1200 eisdem
489 1132 716 1200 stabiliendum
738 1131 947 1200 commendat.
993 1131 1082 1198 Vade
1105 1133 1206 1218 igitur
1229 1138 1261 1199 et
1282 1135 1366 1200 disce
1380 1157 1439 1200 ne·

284 1261 442 1326 quaquam
466 1240 499 1304 in
522 1239 673 1324 perituris
695 1238 852 1304 confidere
884 1237 938 1304 sed
970 1225 1004 1302 in
1035 1238 1131 1303 terris
1162 1237 1200 1304 de
1229 1243 1342 1306 estem
1373 1246 1439 1306 tuse

282 1346 351 1430 spei
380 1367 527 1412 ancoram
550 1348 677 1411 tantum
699 1343 771 1429 lige.
819 1344 942 1422 Quibus
974 1343 1102 1410 edoctum
1134 1345 1233 1408 nauta
1254 1344 1438 1410 consolatus

244 1469 269 1507 1⁰
283 1450 436 1517 discessit.

331 1658 511 1726 Tantum
533 1663 735 1724 aeternum
760 1659 892 1745 dilige
915 1662 956 1724 et
978 1679 1184 1743 nunquam
1207 1656 1381 1723 dolebis.

565 1815 622 1882 De
645 1816 772 1900 vulpe
795 1821 834 1882 et
856 1817 996 1898 simia,
1020 1837 1087 1900 cap.
1113 1820 1142 1880 9.

283 1957 323 2024 In
348 1956 535 2041 pleniluniis
557 1976 673 2041 symeae
695 1956 798 2021 cordis
820 1956 936 2022 laetitia
957 1956 1263 2040 exsultantimlpes
1280 1977 1354 2022 mox
1376 1955 1433 2022 ad-

282 2061 368 2126 stitit
390 2064 421 2126 et
443 2059 510 2124 haec
533 2059 632 2124 dixit:
664 2059 769 2126 indica
800 2059 898 2139 mihi,
930 2081 1035 2138 soror,
1071 2064 1107 2124 ut
1135 2064 1240 2126 tecum
1263 2061 1432 2147 gaudeam,

241 2165 375 2249 inhujus
394 2164 606 2248 jucunditatis
637 2186 708 2250 quse
739 2165 783 2230 sit
815 2165 896 2230 ratio
927 2169 959 2230 et
991 2165 1213 2232 exsultationis
1237 2187 1307 2249 quae
1329 2187 1432 2231 causa.

285 2269 328 2334 At
350 2269 406 2334 illa
429 2269 503 2334 laeta
522 2267 678 2351 laetanter,
702 2273 738 2335 ut
753 2291 857 2336 seeum
870 2268 1031 2335 laetaretur
1047 2271 1228 2355 respondit:
1255 2270 1433 2354 (nimirum)

281 2373 427 2453 lunari',
458 2396 554 2460 quam
584 2395 676 2453 amo,
707 2373 804 2460 plena
829 2375 898 2440 luce
921 2396 1006 2440 nunc
1035 2374 1143 2452 fruor;
1175 2375 1326 2460 quoniam
1347 2373 1433 2440 hanc

282 2481 390 2566 diligo,
414 2485 447 2545 et
468 2501 532 2564 qua
553 2483 666 2545 caetera
688 2479 905 2563 perfruuntur,
931 2479 991 2546 hac
1012 2479 1112 2546 laetor.
1160 2479 1208 2546 Ad
1234 2479 1300 2546 baec
1322 2479 1433 2563 vulpes

280 2585 463 2670 subjunxit:
487 2583 640 2668 putabam
655 2587 748 2663 certe,
772 2583 942 2661 carissima,
966 2586 1020 2669 (ne
1035 2583 1185 2668 turberis)
1209 2607 1321 2665 manu,
1345 2605 1433 2652 naso.

242 2708 268 2747 πο
281 2689 447 2774 vicinoque
472 2688 562 2755 oeulo
584 2687 773 2754 aestimativa
796 2689 948 2773 praeclara
970 2688 1009 2754 ad
1032 2688 1166 2755 rationis
1189 2693 1337 2754 naturam
1359 2689 1433 2774 plus

281 2797 313 2859 te
335 2791 458 2858 cunctis
481 2792 698 2858 animantibus
721 2793 902 2869 accessisse,
926 2793 980 2857 sed
1002 2797 1039 2858 ut
1061 2814 1100 2858 ex
1116 2815 1197 2858 vana
1211 2794 1430 2880 gratulatione

280 2918 445 2984 cognosco,
469 2897 571 2962 adhuc
591 2918 758 2981 permanes
781 2896 818 2962 de
841 2896 1027 2984 longinquo.
1073 2896 1141 2974 Quo
1164 2898 1250 2962 enim
1279 2899 1382 2984 magis
1413 2921 1432 2964 a

279 3003 403 3070 ratione
426 3002 639 3088 sejungimur,
672 3005 764 3067 muto
795 3000 922 3086 quidem
952 3001 992 3066 ab
1014 3001 1144 3066 homine
1169 3002 1242 3087 plus
1266 3001 1429 3069 distamus.

279 3105 363 3172 Puto
386 3127 521 3192 namque
544 3105 592 3190 (ni
613 3104 733 3189 fallor),
757 3106 840 3190 quod
863 3126 969 3172 amare
991 3106 1093 3170 lucem
1117 3128 1224 3172 verum
1241 3107 1283 3172 sit
1298 3107 1427 3186 bonum,

241 3229 266 3269 ao
279 3213 307 3278 si
330 3214 436 3276 tannen
459 3212 525 3296 ejus
547 3210 591 3274 sit
614 3209 727 3275 stabile
756 3208 1018 3287 fundamentum,
1051 3211 1105 3276 sed
1127 3233 1234 3276 amare
1264 3212 1429 3296 perdibile,

279 3317 362 3382 nihil
377 3321 426 3381 est
440 3317 544 3380 simile
561 3336 656 3401 quam
672 3313 785 3380 dolere.
825 3313 986 3391 Quantum
995 3315 1080 3380 enim
1091 3315 1133 3393 id,
1157 3317 1241 3400 quod
1254 3317 1429 3404 diligimus,

279 3420 451 3508 gaudemus
485 3419 651 3496 habitum,
690 3422 817 3484 tantum
853 3419 950 3484 etiam
984 3441 1059 3484 mox
1091 3420 1233 3486 dolemus
1267 3423 1428 3488 amissum.

278 3523 370 3591 Unde
384 3525 432 3602 fit,
456 3524 538 3608 quod
549 3523 664 3590 dilecta
678 3545 712 3589 re
727 3523 851 3608 perdita
865 3525 976 3590 statim
997 3548 1071 3590 mox
1088 3526 1121 3606 in
1138 3509 1429 3594 dolorem'vertitur

278 3652 366 3696 amor
399 3632 432 3693 et
459 3627 642 3710 jucunditas
671 3629 705 3694 in
728 3649 904 3696 moerorem.
951 3628 1002 3696 Sic
1034 3629 1080 3713 (et
1111 3632 1279 3715 nimirum)
1310 3639 1431 3718 quanta

240 3735 342 3800 afuit
365 3732 618 3816 concupiscentia
634 3734 668 3798 in
684 3736 829 3814 amando,
851 3739 944 3801 tanta
958 3735 996 3799 fit
1020 3735 1207 3802 doloresitas
1226 3739 1430 3825 postmodum

278 3838 311 3904 in
334 3837 509 3923 perdend0,
542 3842 575 3902 et
597 3843 717 3924 quanta
739 3838 803 3905 fuit
821 3840 1003 3925 jucunditas
1026 3841 1060 3905 in
1082 3840 1234 3922 fruendo,
1266 3847 1358 3908 tanta
1381 3848 1430 3910 est

278 3942 431 4008 moestitia
453 3943 488 4008 in
524 3945 667 4010 carendo.
713 3943 772 4010 Sed
806 3946 956 4029 quoniam
979 3945 1092 4010 melius
1122 3950 1170 4011 est
1200 3968 1265 4012 non
1298 3947 1431 4043 diligere

158 4125 162 4132 ι
277 4068 373 4132 quam
400 4047 524 4127 dolere,
554 4047 726 4136 eligibilius
760 4071 823 4116 non
854 4051 1013 4118 immerito
1043 4050 1209 4132 existimo,
1244 4053 1431 4120 transitoria

277 4175 425 4240 spernere
448 4176 542 4239 quarn
573 4178 688 4224 amare.
742 4156 818 4222 Haec
849 4179 986 4242 namque
1019 4158 1047 4222 si
1081 4179 1145 4222 non
1180 4179 1340 4237 amamus,
1374 4159 1429 4224 sed

846 4309 862 4349 *

350 4397 364 4452 l
384 4397 510 4454 Andere:
530 4397 671 4454 mollibus.
742 4399 759 4454 2
780 4398 888 4455 nudem
906 4399 1064 4470 unrichtig:
1079 4400 1186 4472 jurari.
