3082 4938
787 252 846 312 152

236 425 295 492 bus
317 425 458 508 ipsorum
480 423 597 490 litteris
621 422 678 487 abs
701 426 732 486 te
755 421 870 486 leniter
902 442 1087 506 responsum
1116 421 1199 500 fuir,
1232 415 1314 488 velle
1348 427 1391 504 le,

237 531 438 614 maximeque
459 550 589 612 cupere,
613 528 778 594 dissidium
803 527 986 612 religionis,
1021 532 1127 592 ortum
1150 528 1392 606 incensum,

235 657 443 720 componere,
477 657 542 700 non
566 635 597 698 vi
620 655 678 698 nec
700 631 818 711 armis,
853 655 961 697 verum
993 634 1164 717 aequitate,
1199 633 1323 698 ratione
1352 655 1393 698 ac

236 741 465 818 benevolentia,
490 745 526 804 ut
548 739 608 804 hoe
630 743 715 803 certo
738 742 925 814 statuerent,
950 759 1007 803 neo
1022 738 1110 803 aliud
1126 737 1187 802 sibi
1204 742 1391 822 paterentur

235 845 426 928 persuaderi.
473 844 515 909 Et
538 845 584 910 ita
605 843 733 928 quidem
767 843 998 927 respondebas,
1033 865 1105 908 eum
1136 865 1220 908 esses
1252 843 1285 906 in
1313 864 1391 926 pro·

236 949 352 1028 cinctu,
377 950 475 1035 inque
490 950 719 1016 Massiliensem
742 948 940 1034 provinciam
964 950 1136 1014 exercitum
1160 949 1229 1032 ipse
1251 949 1390 1029 duceres,

236 1053 384 1120 adversus
401 1053 513 1120 Galliae
535 1053 659 1140 relgem.
691 1054 748 1118 uui
766 1075 837 1117 cum
853 1075 935 1118 esses
952 1054 1054 1118 denuo
1071 1057 1143 1138 poet
1158 1052 1390 1130 reconciliatus,

235 1162 331 1243 atque
353 1161 507 1243 pontificii
531 1182 646 1226 novam
677 1158 737 1223 hoc
767 1159 836 1242 ipso
866 1159 1030 1224 crederent
1059 1158 1121 1222 sibi
1150 1157 1289 1223 oblatam
1321 1177 1391 1221 esse

235 1264 281 1328 rei
303 1263 383 1329 bene
405 1265 551 1351 gerendae
582 1265 795 1341 occasionem,
831 1285 866 1330 ac
895 1265 997 1330 multa
1028 1263 1158 1330 sinistre
1187 1263 1387 1340 molirentur,

237 1390 335 1453 esque
364 1370 477 1435 deinde
498 1374 614 1454 praeter
644 1369 787 1434 omnium
819 1371 1071 1454 expectationem
1103 1369 1226 1434 detecta
1256 1389 1391 1452 magnas

235 1473 417 1540 viderentur
440 1476 616 1542 excitatura
638 1475 817 1554 seditiones,
842 1479 887 1553 tu,
913 1475 1019 1540 missis
1034 1475 1074 1540 ab
1091 1473 1249 1558 Hispania
1262 1472 1389 1556 legatis,

804 1597 822 1638 a

239 1705 279 1750 ne
300 1684 397 1748 seruit
419 1684 556 1764 observa.
589 1685 616 1749 A
641 1706 691 1750 ees
713 1685 822 1751 lettres
845 1692 881 1751 tu
904 1685 942 1750 fis
965 1685 1125 1770 gratieuse
1147 1703 1303 1769 response,
1327 1704 1390 1767 que

235 1793 270 1853 tu
294 1789 415 1854 voulois
437 1793 470 1853 et
500 1789 631 1854 desirois
659 1791 870 1874 grandemeut
901 1790 1079 1875 d'appaiser
1112 1792 1142 1856 le
1173 1789 1321 1854 different
1350 1789 1390 1852 de

235 1893 266 1956 la
289 1892 436 1977 Religion
460 1915 597 1958 surrenu
620 1915 660 1958 θη
682 1893 876 1980 Alemagne:
909 1901 942 1961 et
971 1918 1005 1962 ce
1035 1919 1098 1961 non
1131 1918 1188 1980 par
1221 1916 1323 1960 armes
1346 1915 1390 1958 ou

235 1999 392 2078 violence,
415 2001 485 2064 ains
508 2023 566 2084 par
588 2001 713 2084 equite,
747 2001 854 2066 raison
877 2005 910 2066 et
932 2002 1158 2068 benevolence:
1193 1999 1286 2086 qn'ils
1309 2001 1387 2064 s'as-

234 2109 416 2169 seurassent
445 2105 482 2169 de
512 2105 600 2183 cela,
634 2128 707 2172 sans
737 2128 770 2172 se
792 2107 903 2172 laisser
927 2112 1042 2172 mettre
1064 2112 1154 2174 autre
1177 2106 1271 2172 chose
1294 2127 1334 2170 en
1357 2104 1389 2168 la

233 2209 378 2276 fantasia.
425 2210 475 2276 'Pu
500 2187 691 2294 'respondois
725 2233 763 2276 θη
795 2215 878 2277 ceste
908 2217 993 2278 sorte
1023 2213 1122 2277 adone
1152 2215 1269 2296 quatu
1293 2209 1388 2275 cstcis

235 2317 306 2380 tout
329 2315 474 2400 equippd,
497 2320 529 2381 et
551 2338 612 2400 que
634 2318 813 2382 eonduisois
836 2321 891 2383 tou
916 2320 1020 2383 armee
1042 2341 1081 2383 en
1097 2317 1256 2382 Provence
1278 2319 1389 2382 contre

234 2419 263 2483 le
286 2418 357 2504 Boy
379 2419 417 2484 de
440 2419 567 2484 Franco.
589 2398 741 2505 ‘auquel
770 2424 877 2486 estam
903 2421 1013 2506 depuis
1037 2421 1204 2488 reconcilia
1227 2421 1319 2503 (dont
1341 2421 1389 2486 les

234 2521 377 2606 Papistes
411 2531 586 2608 pensoycnt
617 2525 703 2588 avoir
734 2525 838 2589 bonne
869 2526 1011 2590 occasion
1042 2527 1080 2590 de
1102 2525 1177 2590 bien
1200 2525 1279 2590 faire
1301 2525 1387 2589 leurs

233 2628 396 2712 besegnes,
419 2631 451 2691 et
474 2628 700 2713 machinoyent
723 2629 859 2694 maintes
880 2631 999 2709 choses,
1022 2631 1188 2716 lesquelles
1206 2635 1315 2696 contre
1330 2630 1388 2694 l'o-

233 2733 345 2815 pinion
368 2733 406 2796 de
428 2737 499 2797 tous
522 2755 636 2798 rennes
658 2755 696 2798 en
721 2735 835 2812 notice,
859 2736 1058 2820 sembloyent
1080 2737 1187 2801 devoir
1209 2736 1386 2820 engendrer

233 2837 394 2920 beaucoup
418 2837 455 2902 de
468 2838 643 2938 seditione)
659 2843 694 2902 tu
711 2861 847 2924 envoyas
863 2840 916 2905 des
933 2841 1170 2906 ambassadeurs
1185 2839 1385 2926 d'llspegne:

803 2961 821 3000 a

232 3047 316 3112 bona
339 3069 399 3131 que
422 3055 489 3112 esta
507 3047 602 3132 junto
624 3069 683 3114 con
706 3049 744 3112 el.
777 3049 804 3113 A
829 3049 861 3115 la
883 3051 957 3134 qual
973 3055 1060 3116 caria
1076 3051 1246 3136 respondio
1260 3055 1389 3116 suestra

234 3153 400 3240 Magastad
422 3176 482 3218 con
504 3155 580 3219 toda
609 3155 872 3234 mansedumbre,
907 3157 1070 3234 diniendo,
1107 3179 1167 3241 que
1199 3156 1331 3241 queris,
1365 3179 1387 3240 y

233 3259 379 3324 desecare
410 3281 485 3344 muy
514 3259 645 3337 mucho,
680 3263 746 3324 este
778 3259 891 3323 disidio
921 3260 959 3323 de
982 3259 1014 3325 la
1036 3259 1186 3346 Religion
1209 3260 1322 3325 uacido
1345 3281 1384 3324 en

234 3363 410 3442 Alemania,
434 3365 635 3448 componerlo
657 3387 678 3450 y
699 3365 878 3449 pacificarlo
895 3386 935 3429 no
952 3388 1010 3450 por
1026 3365 1132 3452 fuerpa
1149 3365 1182 3429 ni
1198 3387 1257 3450 por
1272 3387 1387 3443 armas,

232 3467 303 3532 sino
325 3490 384 3534 con
407 3470 483 3534 toda
504 3469 648 3554 equidad,
672 3491 776 3548 razon,
799 3494 820 3554 y
842 3469 1080 3535 benevolencia:
1105 3480 1127 3555 y
1149 3491 1210 3554 que
1227 3471 1384 3534 tuviessen

232 3577 300 3638 esto
321 3596 379 3657 por
402 3597 477 3659 muy
500 3577 607 3652 cierto,
630 3599 652 3659 y
675 3597 736 3658 que
759 3598 800 3641 no
822 3599 855 3642 ee
871 3576 1021 3641 dexsssen
1039 3577 1202 3660 persuadir
1217 3579 1289 3639 otra
1303 3597 1385 3640 cosa

233 3677 264 3741 Y
288 3679 375 3744 desta
398 3701 527 3744 manera
549 3679 718 3764 respondio
743 3686 868 3746 vuestra
892 3681 1068 3766 Magastad,
1091 3683 1223 3746 estando
1245 3679 1386 3759 armado,

232 3807 253 3868 y
277 3806 316 3848 en
339 3785 367 3850 el
390 3785 514 3850 camino
534 3787 572 3850 de
587 3785 745 3862 Mersella,
770 3809 827 3870 por
850 3787 952 3852 dende
974 3787 1096 3852 llevava
1120 3785 1325 3850 encaminada
1348 3807 1386 3850 su

232 3891 369 3956 exercito
394 3895 506 3958 conba
527 3893 557 3956 el
586 3914 641 3977 ray
663 3892 702 3958 de
724 3892 867 3958 Francia.
914 3893 980 3958 Con
1010 3893 1040 3956 el
1071 3892 1164 3976 qual,
1198 3913 1287 3955 como
1315 3894 1387 3956 otra

233 4013 289 4056 vec
309 4015 342 4058 se
365 3997 601 4074 reconciliasse,
636 4021 657 4082 y
680 4019 741 4080 que
771 4019 884 4082 creyan
914 3998 961 4062 lcs
986 3997 1129 4081 Papistas
1152 4017 1213 4080 que
1236 4016 1294 4060 coo
1317 4015 1386 4059 esso

232 4117 264 4160 sc
287 4096 331 4162 les
355 4100 483 4166 offrecia
515 4125 616 4168 nuevu
644 4104 806 4182 occasion,
839 4126 917 4187 para
947 4103 1040 4168 haser
1063 4102 1139 4186 algo
1158 4101 1196 4164 de
1218 4100 1322 4165 boenc
1345 4121 1384 4162 en

231 4221 268 4262 su
292 4205 441 4286 negocio,
476 4229 497 4289 y
520 4225 581 4290 qne
602 4229 644 4291 ya
667 4213 832 4276 tramavan
856 4209 895 4274 de
916 4213 1035 4274 secreto
1058 4229 1146 4273 cosas
1169 4205 1207 4271 de
1229 4205 1313 4270 mala
1335 4203 1383 4268 di·

231 4305 371 4390 gestion:
405 4308 451 4372 las
474 4310 582 4394 quales
605 4311 714 4378 sieudo
736 4313 867 4396 despuas
890 4335 980 4379 como
1003 4336 1062 4399 por
1083 4310 1240 4400 miraglo,
1277 4309 1384 4374 descu
