3160 4960
737 361 773 426 ll

177 533 297 614 Vide,
321 535 460 620 pedem
484 535 547 602 cui
571 535 753 614 tribuas,
777 538 820 599 et
840 535 879 599 iu
902 534 1162 600 securioribus
1184 532 1329 599 dubita

446 689 501 757 De
523 715 681 758 aranea
703 696 743 757 et
766 712 903 757 musca
925 713 992 774 cup.
1018 695 1046 756 6.

263 848 399 914 Terenti
428 869 551 914 araneae
565 849 753 914 retiaculum
770 848 848 913 artis
863 867 928 912 suae
943 869 1051 914 musca
1065 848 1203 914 volitans
1220 869 1327 914 coram

175 954 279 1037 posits
309 953 407 1017 dixit:
439 957 476 1017 ut
498 954 574 1037 qnid
596 953 759 1046 concludiq
779 953 886 1018 fallaci
918 954 979 1017 reti
1009 955 1136 1019 semitas
1168 953 1328 1018 liberioris

149 1059 322 1124 enatura?
345 1079 407 1142 quo
429 1059 555 1142 quidem
575 1059 647 1142 jure
669 1079 802 1142 usurpas
825 1063 891 1123 tam
914 1058 1075 1142 publicum
1100 1062 1133 1123 et
1154 1059 1255 1122 tensis
1278 1078 1328 1122 re-

175 1163 302 1226 tiaculis
315 1163 442 1227 modum
454 1163 573 1228 claudis
586 1163 786 1249 aptissimum
802 1163 991 1248 gradiendi?
1014 1164 1060 1228 At
1077 1164 1133 1229 illa
1147 1163 1329 1247 respondit:

175 1267 326 1332 nimirum
356 1271 478 1333 naturae
508 1269 698 1334 auctoritate
728 1269 788 1334 hoo
822 1269 920 1346 facio,
961 1269 1037 1353 quia
1067 1268 1190 1333 doctrix
1218 1269 1331 1334 effecta

175 1369 301 1438 scholas
325 1391 410 1437 meas
434 1373 467 1436 in
490 1373 562 1457 plus
584 1373 670 1458 aptis
692 1373 814 1438 semitis
837 1374 981 1439 exiendo.
1022 1373 1113 1438 Tunc
1130 1395 1238 1438 musca
1252 1373 1329 1437 sub·

173 1476 298 1560 junxit:
331 1477 359 1541 si
388 1478 434 1542 ita
464 1481 521 1556 est,
553 1483 629 1544 tunc
659 1479 836 1564 disciplinas
863 1484 927 1544 tum
957 1479 1082 1564 regulas
1112 1477 1222 1562 pande.
1269 1476 1329 1543 Cui

138 1606 164 1642 ιο
178 1580 235 1646 illo
256 1581 391 1646 libenter
415 1601 558 1647 annuens
590 1583 710 1667 inquit:
742 1585 823 1649 scito
847 1585 928 1669 quod
953 1583 1136 1649 mortalium
1165 1583 1232 1648 vita
1263 1603 1327 1647 nou

177 1687 283 1751 minus
307 1686 423 1770 pendet
446 1688 486 1753 ab
509 1688 671 1753 oculorum
701 1689 891 1754 rectitudine
920 1710 1015 1773 quam
1045 1711 1066 1752 a
1093 1688 1194 1752 corde.
1240 1685 1330 1762 Quod

176 1790 303 1873 quidem
326 1795 363 1856 ut
385 1792 546 1875 panderet,
571 1793 728 1878 sapientie
750 1795 871 1878 repleta
896 1800 1012 1858 natura
1033 1793 1171 1858 multum
1194 1791 1255 1857 sibi
1277 1790 1328 1854 in-

175 1897 276 1960 vicem
299 1918 352 1961 cor
374 1901 405 1962 et
429 1897 555 1963 oculum
579 1897 798 1978 conformavit,
820 1899 969 1965 videlicet
991 1899 1024 1963 in
1049 1898 1195 1983 agilitate
1212 1900 1328 1973 motus,

176 2000 211 2064 in
234 2001 421 2085 copiositate
443 2003 575 2086 spiritus
605 2009 639 2070 et
668 2005 702 2070 in
734 2007 858 2072 unitate
885 2005 1066 2074 conductus.
1113 2003 1248 2087 Propter
1269 2001 1330 2067 hoc

138 2125 165 2163 ιι
180 2107 319 2172 maxima
340 2106 508 2194 diligentia
529 2110 745 2196 gubernandis
776 2109 954 2176 adhibenda
985 2115 1034 2175 est
1063 2109 1180 2186 oculis,
1212 2128 1269 2184 ne,
1301 2105 1329 2171 si

177 2210 347 2288 erraveris,
378 2213 477 2277 vitam
500 2214 625 2297 perdas:
648 2233 811 2298 nunquam
834 2215 954 2297 pariter
977 2213 1085 2278 ambos
1108 2211 1251 2288 claudes,
1275 2209 1329 2275 sed

177 2315 358 2398 quiescente
371 2339 445 2386 ‚uuo
468 2319 605 2402 vigilans
628 2301 710 2384 clius
733 2323 765 2384 te
787 2319 952 2404 gubernet.
998 2317 1142 2382 Lucerna
1156 2317 1241 2380 enim
1256 2335 1327 2380 cor-

177 2418 264 2502 poris
288 2421 335 2484 tui
358 2427 406 2486 ert
428 2424 538 2490 oculus
560 2427 634 2489 tuus
657 2423 828 2489 etidcirco
851 2423 959 2487 ambos
982 2423 1010 2486 si
1033 2421 1193 2497 clauseris,
1218 2419 1328 2484 statim

177 2522 374 2592 offendiculis
397 2526 510 2596 ductus
534 2529 566 2592 in
590 2529 729 2594 tenebris
751 2529 964 2594 confunderis.
1011 2525 1107 2592 Omni
1140 2526 1241 2612 igitur
1273 2546 1328 2591 cu·

138 2649 164 2688 ιο
177 2627 281 2693 studia
302 2651 392 2696 serva
414 2639 576 2697 cortuum
603 2638 635 2698 et
656 2633 824 2718 diligentia
844 2633 937 2720 vigili
959 2633 1085 2698 oculum
1107 2636 1207 2699 tuum.
1252 2629 1329 2694 Haec

176 2737 225 2797 est
244 2735 349 2818 prima
369 2739 480 2824 regula
501 2761 580 2818 mea,
603 2741 740 2807 secunda
762 2760 835 2804 vero
857 2745 914 2816 est,
937 2741 1060 2803 utnon
1083 2737 1126 2802 sis
1148 2735 1265 2802 avara¹
1291 2733 1330 2798 de

176 2838 308 2922 pedibus
335 2841 417 2916 tuis;
449 2863 620 2927 numquam
643 2844 697 2909 des
720 2845 816 2910 alicui
846 2842 942 2908 simul
964 2844 1056 2920 duos,
1086 2862 1126 2905 ne
1149 2841 1230 2905 forte
1253 2859 1326 2922 por-

175 2945 270 3008 rectis
299 2945 332 3009 in
360 2947 479 3011 malum
511 2954 674 3031 porrectus
696 2949 729 3014 iu
753 2949 963 3033 perditionem
986 2969 1042 3031 per
1064 2967 1260 3029 consequens
1281 2943 1325 3007 sis

176 3069 293 3115 eorum.
334 3049 393 3115 Pes
408 3057 456 3117 est
470 3053 623 3138 sapientis
640 3050 750 3118 enim²
772 3074 846 3117 suus
867 3060 900 3117 et
915 3073 1044 3117 suorum
1060 3051 1175 3136 pedum
1198 3053 1246 3115 est
1261 3052 1327 3113 sto·

137 3175 161 3214 ar
175 3154 267 3218 lidus.
315 3153 477 3239 Palpebrae
505 3157 606 3244 igitur
622 3139 699 3222 'tuae
731 3157 909 3241 precedant
937 3177 1063 3242 gressus
1095 3161 1166 3221 tuos
1188 3175 1247 3218 nec
1269 3175 1325 3237 pes

174 3281 316 3342 unquam
338 3260 449 3326 ducere
471 3264 597 3329 oculum
620 3262 794 3328 antecedat.
844 3263 887 3326 m
908 3283 982 3326 vero
1004 3261 1111 3325 finalis
1132 3259 1245 3345 regula
1267 3261 1325 3336 est,

176 3371 212 3429 nt
234 3366 279 3430 ibi
302 3388 426 3452 semper
447 3368 519 3450 plus
540 3368 661 3446 timeas,
685 3369 740 3432 ubi
762 3367 824 3431 tibi
845 3367 918 3451 plus
940 3366 1059 3430 arridet
1080 3365 1240 3430 securitas.
1281 3365 1326 3426 At

175 3469 222 3534 ibi
245 3471 350 3534 minus
374 3493 495 3554 speres,
526 3472 581 3536 ubi
604 3493 674 3556 spes
697 3472 731 3536 in
754 3475 800 3536 rei
823 3471 926 3556 specie
949 3471 1021 3555 plus
1045 3474 1185 3555 apparet.
1234 3467 1325 3545 Quod

177 3573 262 3636 enim
284 3593 403 3655 quoeres
426 3574 566 3653 incerto,
590 3575 650 3639 hoc
665 3575 801 3659 reperies
821 3573 855 3638 in
872 3575 994 3639 incerto
1018 3577 1050 3638 et
1066 3571 1141 3656 quia
1157 3570 1325 3636 dubitabas

138 3701 164 3738 so
178 3677 213 3741 in
235 3678 359 3756 solidis,
391 3677 467 3744 hinc
495 3681 648 3744 nimirum
678 3679 711 3744 iu
745 3679 849 3743 dubiis
876 3683 947 3743 tuta
969 3679 1041 3742 eris.
1087 3677 1219 3762 Sapiens
1242 3677 1327 3742 enim

177 3782 271 3846 timet
285 3785 317 3847 et
332 3783 477 3862 declinat,
501 3785 554 3850 sed
569 3784 687 3848 stultus
708 3783 853 3848 transilit
875 3787 907 3846 et
919 3783 1058 3847 confidit.
1105 3781 1210 3848 Doceo
1227 3781 1328 3865 igitur

177 3891 209 3952 te
232 3886 399 3971 quiescere,
424 3909 536 3953 moneo
559 3891 591 3952 te
606 3887 730 3953 mutale
745 3887 912 3973 procedere
934 3892 966 3951 et
982 3887 1093 3970 pedem
1109 3887 1148 3950 ad
1165 3887 1327 3971 provisum

177 3997 303 4056 tantum
335 3995 511 4059 extendere.
557 3993 666 4058 Tendo
695 3993 795 4078 igitur
823 3993 953 4076 laqueos
983 3991 1150 4075 inquietis,
1173 4011 1258 4074 pono
1277 4012 1328 4055 re·

179 4097 331 4162 tiaculum
352 4097 450 4162 satiris
472 4119 508 4164 ac
531 4102 723 4163 tormentum
746 4119 824 4182 paro
839 4098 988 4163 molestis.
1034 4098 1093 4162 His
1113 4097 1240 4181 quidem
1256 4117 1328 4161 cum

138 4221 163 4260 sc
177 4201 387 4268 admiratione
409 4203 526 4268 auditis
547 4225 656 4269 musca
678 4203 723 4270 sic
744 4203 869 4288 inquit:
897 4209 981 4268 certe
1004 4202 1096 4268 valde
1119 4208 1195 4266 sunt
1211 4223 1329 4288 magna

743 4325 761 4367 ιι

251 4429 265 4483 1
283 4428 394 4486 tudere
413 4429 518 4487 besam:
535 4429 665 4501 prodiga.
730 4428 887 4486 undere:
905 4427 1029 4501 prudens
1047 4429 1077 4484 et
1093 4427 1238 4486 fatuorum
1256 4427 1322 4486 stol.
