3172 4962
731 322 792 385 169

189 493 224 559 in
247 492 343 578 pede,
368 491 494 558 dicens:
524 514 542 557 o
571 491 690 558 medica
719 493 897 558 animarum
921 498 953 560 et
975 516 1160 582 corporum,
1193 497 1342 564 miserere

192 600 255 664 mei
277 603 310 664 et
332 621 411 663 sana
432 619 491 664 me.
538 597 608 662 Hoc
630 597 736 662 dicens
757 599 868 682 pedem
896 600 1041 667 dextrum
1073 602 1121 667 illi
1144 603 1340 682 ostendebat,

192 704 365 770 abrotanus
389 707 496 768 autem
518 703 637 786 pietate.
660 706 835 768 commotus
858 725 952 789 super
975 706 1090 771 vulnus
1106 708 1172 791 ejus
1187 729 1220 772 se
1235 707 1343 792 posuit

193 812 225 873 et
248 809 374 892 spinam
397 807 470 872 inde
492 807 603 872 eduxit
624 829 758 891 eumque
788 809 928 889 curavit,
961 811 1050 895 lepus
1080 833 1153 878 vero
1183 833 1247 878 non
1281 813 1341 878 im-

167 932 314 977 omemor
343 913 488 979 beneficii
519 912 661 996 quotidie
693 913 839 998 lagenam
869 937 958 998 aqnoe
984 937 1079 1000 super
1100 915 1246 981 humeros
1270 939 1343 982 suos

192 1018 343 1103 portabat
374 1023 406 1083 et
438 1019 626 1083 abrotanum
658 1018 697 1082 ad
724 1018 859 1084 radicem
896 1020 1065 1087 balneabat
1096 1025 1128 1086 et
1156 1022 1343 1108 porrigebat

193 1145 326 1207 aquam,
361 1127 398 1187 ut
426 1122 616 1189 abrotanum
637 1123 738 1188 viride
760 1126 793 1188 et
815 1125 944 1190 friseum
967 1128 1184 1210 permaneret,
1218 1126 1342 1192 dicens:

193 1249 316 1313 semper
349 1228 387 1293 ad
411 1227 626 1293 benefactores
648 1229 748 1292 simns
769 1229 845 1294 boni
868 1230 1044 1296 servitores.
1090 1229 1166 1296 Non
1189 1230 1273 1295 enim
1297 1232 1344 1296 sio

193 1332 316 1398 faciunt
344 1333 480 1418 maligni
510 1335 542 1396 et
565 1331 702 1418 ingrati,
734 1333 814 1413 imo,
846 1334 930 1416 qnod
953 1335 1017 1400 cito
1045 1334 1197 1400 beneficia
1218 1339 1345 1419 recepta

153 1467 179 1504 ιο
193 1443 288 1517 sunt,
320 1437 473 1503 oblivioni
505 1437 646 1502 tradunt.
700 1437 791 1502 Unde
822 1436 971 1503 Salomon
1002 1439 1236 1524 interrogatus,
1267 1440 1343 1525 quid

193 1545 280 1608 inter
301 1542 443 1608 homines
466 1541 590 1607 facilius
613 1563 647 1606 se
669 1542 821 1621 nesciret,
854 1545 1034 1626 respondit:
1058 1544 1255 1610 beneficium.
1301 1543 1345 1609 Et

193 1651 361 1735 propterea
394 1648 471 1712 dicit
494 1645 611 1712 Gotho:
640 1647 785 1712 beneficii
815 1649 934 1732 accepti
965 1671 1086 1713 memor
1115 1654 1192 1714 esto.
1238 1647 1344 1714 Idem:

193 1755 342 1838 exignum
367 1773 483 1816 munus
506 1774 577 1817 cnm
602 1753 656 1816 dat
679 1752 740 1817 tibi
762 1775 883 1839 pauper
905 1755 1042 1832 amicus,
1066 1755 1199 1839 accipito
1221 1752 1345 1838 placide

194 1864 226 1923 et
258 1860 351 1944 plene
381 1858 509 1922 laudare
539 1863 708 1922 memento.
756 1858 898 1925 Reddere
928 1883 1004 1946 ergo
1033 1860 1125 1924 debes
1156 1858 1344 1924 beneficium

154 1989 180 2027 ra
195 1965 295 2030 amico
325 1985 395 2028 eum
419 1964 543 2040 usuris,
573 1964 599 2027 si
623 1969 730 2048 potes,
760 1965 901 2050 alioquin
925 1967 959 2030 in
987 1965 1139 2030 memoria
1159 1965 1344 2048 frequenter

194 2091 258 2134 non
285 2068 415 2133 babebis
439 2068 624 2134 beneficium
650 2069 710 2133 tibi
733 2070 884 2134 collatum
907 2071 947 2135 ab
970 2071 1099 2148 amicis,
1129 2074 1169 2134 ut
1195 2068 1343 2134 benefac-

194 2180 295 2240 torem
327 2175 401 2238 inde
431 2174 597 2240 collaudes.
655 2169 736 2252 Quia
766 2175 843 2240 dicit
871 2175 1003 2241 Seneca:
1035 2175 1112 2241 satis
1145 2196 1264 2259 magna
1294 2176 1344 2237 est

195 2301 290 2344 usura
312 2301 370 2364 pro
393 2279 545 2345 beneficio
567 2279 729 2343 memoria.
774 2277 880 2345 Idem:
910 2281 1057 2364 ingratus
1079 2286 1127 2344 est
1156 2279 1259 2355 enim,
1290 2277 1346 2362 qui

196 2384 383 2450 beneficium
398 2381 503 2447 reddit
519 2383 587 2447 sine
602 2404 705 2448 usura.
752 2381 886 2468 Legitur
901 2385 935 2449 in
951 2383 1172 2450 Ecclesiastica
1188 2381 1342 2459 Historia,

155 2511 181 2548 m
195 2490 279 2572 quod
314 2491 457 2573 quaedam
480 2487 587 2568 leaena,
615 2479 742 2553 ¹habens
771 2491 950 2573 speluncam
981 2491 1076 2574 juxta
1109 2489 1220 2552 cellam
1257 2485 1343 2552 beati

195 2594 364 2672 Maoharii,
396 2593 520 2657 invenit
542 2592 664 2658 catulos
687 2614 759 2658 snos
790 2615 898 2673 caecos,
938 2615 1016 2678 quos
1047 2597 1122 2659 ante
1150 2593 1246 2678 pedes
1276 2593 1343 2676 ejus

195 2700 345 2785 portarit,
367 2703 400 2763 et
422 2698 607 2783 intelligens
629 2698 679 2762 vir
700 2703 843 2777 sanetus,
875 2699 958 2782 quod
980 2720 1038 2783 pro
1069 2699 1182 2764 catulis
1205 2697 1343 2782 benigne

194 2805 397 2890 supplicaret,
420 2803 488 2889 ipse
511 2803 631 2868 orando
653 2803 848 2868 illuminarit
870 2825 930 2871 eos.
978 2802 1054 2880 Quae
1084 2825 1150 2868 non
1179 2803 1341 2888 ingratam

195 2931 228 2974 se
251 2909 392 2993 reputari
414 2908 532 2986 voluit,
566 2908 641 2991 qnia
669 2908 766 2990 pelles
796 2910 939 2974 omnium
970 2909 1161 2987 bestiarum,
1191 2929 1269 2993 quas
1292 2929 1344 2971 oa-

156 3031 182 3071 26
195 3016 314 3101 piabat,
336 3035 417 3098 saepe
439 3013 529 3095 qnasi
552 3035 609 3097 pro
632 3013 772 3078 mercede
795 3015 833 3078 ad
856 3015 972 3078 ostium
996 3014 1084 3078 cellae
1106 3015 1172 3098 ejus
1195 3013 1343 3098 deporta-

195 3121 260 3185 bat.
306 3117 389 3183 Item
412 3119 555 3203 qnaedam
578 3118 678 3182 bestia
702 3116 766 3183 alia
789 3119 828 3182 ad
851 3119 962 3184 cellam
985 3119 1070 3184 beati
1092 3118 1247 3183 Maoharii
1272 3139 1343 3182 curn

194 3225 261 3290 filio
284 3245 364 3289 eaeoo
387 3228 481 3301 nato,
513 3227 594 3287 nutu
618 3223 787 3287 sanitatem
809 3245 923 3301 orans,
946 3223 1078 3288 accessit
1096 3222 1117 3286 ¹.
1163 3220 1225 3298 Qui
1247 3222 1343 3286 intel-

195 3331 299 3414 ligens
320 3331 424 3393 oravit
446 3350 505 3412 pro
526 3327 594 3393 filio
617 3332 649 3391 et
664 3327 772 3391 stetim
789 3326 870 3392 vidit
893 3332 926 3392 et
939 3349 1011 3392 enm
1027 3327 1204 3412 gratiarnm
1220 3327 1344 3390 actione

196 3435 326 3499 recessit
348 3438 380 3498 et
402 3437 475 3518 post
497 3433 661 3518 paululum
684 3433 780 3498 rediit
802 3455 873 3499 cum
896 3432 1044 3497 omnibus
1068 3430 1143 3496 liliis
1166 3429 1232 3494 suis
1249 3451 1344 3494 onus·

156 3542 238 3604 rotis
261 3563 299 3604 ex
319 3539 454 3624 pellibus
477 3539 594 3616 ovium,
617 3537 752 3602 offerens
776 3537 835 3604 Dei
862 3539 930 3603 viro
953 3539 1043 3620 qnasi
1066 3560 1124 3622 pro
1147 3555 1285 3613 munere,
1308 3537 1341 3598 et

199 3644 352 3710 inclinato
375 3645 478 3728 capite
498 3643 630 3708 recessit
651 3643 680 3708 ei
702 3645 823 3729 gratias
842 3665 950 3730 agens.

407 3834 461 3900 De
482 3835 736 3921 plantagine
758 3839 801 3899 et
822 3833 960 3912 simia,
983 3833 1057 3899 dial.
1084 3836 1135 3897 29.

283 3976 442 4062 Plantago
474 3981 522 4040 est
545 3975 644 4040 herba
672 3977 837 4060 quartanis
865 3972 1040 4038 utilissima
1062 3971 1228 4050 sanandis,
1262 3969 1346 4036 unde

198 4083 341 4169 quadam
364 4083 458 4146 simia
480 4079 623 4158 exstitit,
655 4099 725 4164 quae
757 4079 860 4144 filium
893 4077 1032 4144 habebat
1053 4078 1229 4162 patientem
1253 4097 1348 4160 quar-

760 4197 779 4240 a

269 4305 423 4362 lFrdhero
440 4323 520 4376 ausg.
539 4303 694 4374 unrichtig:
714 4321 777 4359 cnm
795 4303 852 4360 filio
870 4319 940 4360 oaeoo
957 4305 1026 4360 nato
1035 4302 1180 4374 inn[n]ons
1192 4302 1346 4360 sanitatem

197 4393 320 4450 emersit.
