3172 4962
679 293 689 314 ⁶
735 292 796 356 185

183 462 315 518 Mutuum
333 461 449 520 reddere
464 463 575 535 justum
594 464 644 518 est.
665 461 722 520 111.

183 548 304 606 Obedire
321 549 426 606 debent
441 550 516 606 servi
533 549 654 607 dominis
670 549 735 609 suis.
757 552 798 608 12

183 637 344 709 ObJusgurs
359 655 417 695 non
434 638 518 694 (15555
535 637 740 696 551551155555
761 641 802 695 73.

183 723 281 781 Otium
298 724 396 796 fugere
413 724 553 781 debemus.
573 726 613 782 18.

154 813 331 872 rotulorum
348 813 461 871 55515515
477 813 573 871 dederi
589 831 645 872 non
663 815 757 873 (15551.
774 818 816 875 ll.

182 899 332 956 Orebimus
348 901 451 972 spiritu
469 903 498 957 51
516 903 617 958 mente.
636 904 680 958 97.

182 984 317 1044 Oratione
334 986 404 1043 uiuit
419 987 530 1058 Moyses
545 987 690 1046 Amleuh.
708 991 751 1048 84.

181 1071 306 1129 Ornatus
323 1075 469 1132 hominum
486 1092 543 1134 nou
560 1075 644 1134 debet
661 1077 748 1149 quaeri
769 1077 876 1136 vitiose.
895 1079 938 1136 54.

181 1161 397 1219 Pertinlitetem
415 1167 545 1222 ementes
562 1165 704 1237 peribunt.
721 1166 765 1224 85.

143 1263 172 1301 ro
185 1248 320 1306 Parentes
338 1250 444 1308 debent
461 1253 582 1310 minores
598 1254 690 1325 proles
711 1254 748 1310 ud
767 1254 893 1312 laborem
911 1255 1038 1312 inritare
1058 1257 1101 1312 18.

187 1335 322 1394 Parentes
340 1355 418 1395 55555
436 1342 466 1396 51
485 1357 621 1412 55555555
646 1358 680 1396 55
702 1340 733 1396 15
750 1342 917 1400 55555511515
935 1344 1040 1415 5551155
1057 1346 1216 1401 sustentare
1233 1343 1337 1400 debent

252 1427 353 1497 proles.
372 1427 415 1482 94.

182 1515 337 1572 Parentum
354 1515 502 1573 eonsilium
520 1516 625 1574 bouum
641 1516 813 1572 tenendum
830 1520 880 1574 est.
899 1518 942 1574 85.

182 1603 322 1674 15555555
340 1607 369 1659 51
386 1601 506 1658 humiles
525 1606 626 1660 55515
645 1604 800 1675 majoribus
817 1606 992 1676 protegendi.
1012 1607 1055 1663 58.

141 1708 169 1747 ro
181 1691 356 1763 Pauperibus
375 1690 456 1748 55551
473 1691 544 1746 nihil
563 1691 642 1748 dent.
661 1693 702 1749 39.
764 1733 767 1740 .
1027 1689 1029 1694 ’

181 1779 305 1835 Parvum
324 1778 392 1850 quid
409 1778 551 1850 possidere
568 1779 668 1834 melius
687 1782 730 1836 551
747 1797 833 1851 quem
852 1781 896 1838 nil
913 1781 1025 1840 hebere
1045 1784 1104 1840 105.

181 1866 278 1924 Ρ55515
295 1866 401 1924 Christi
417 1867 584 1938 designetur
599 1868 631 1924 in
648 1885 715 1939 rege
732 1868 842 1926 055155.
862 1871 906 1926 47.

85 1951 87 1954 ’
181 1956 311 2014 Ρ5515555
329 1955 451 2026 vigilere
468 1954 573 2011 (155551
590 1971 673 2025 super
690 1972 815 2026 gregeus
834 1957 860 2013 8.

182 2045 360 2106 Poenitentiae
375 2045 476 2100 timore
494 2042 579 2098 multi
596 2061 653 2100 555
672 2045 779 2100 audent
797 2062 827 2100 55
845 2045 882 2101 ed
900 2046 1107 2102 conversionem
1126 2045 1202 2101 dere.
1221 2047 1264 2102 57.

140 2147 168 2186 so
182 2133 383 2192 Pceniteutism
407 2148 492 2203 ogere
514 2130 546 2186 in
569 2133 712 2188 5555551515
735 2132 849 2190 difficile
875 2137 918 2190 551
946 2133 972 2190 51
997 2134 1046 2205 qui
1063 2133 1261 2205 injuventute
1278 2151 1334 2192 555
1437 2113 1440 2118 ’

251 2225 358 2282 didicit.
377 2225 419 2278 77.

181 2311 395 2374 Persevereutie
412 2312 443 2366 in
460 2311 534 2367 bono
550 2313 605 2366 fine
623 2309 766 2381 queritur.
784 2309 828 2364 88.

181 2404 311 2461 Ρ5155155
328 2399 489 2457 inordinate
507 2400 536 2453 51
555 2398 659 2470 injuste
676 2396 860 2469 repelluntur.
879 2397 904 2451 4.

182 2492 315 2548 Potentes
333 2486 462 2543 exhibere
480 2485 613 2544 effoetum
633 2477 829 2542 debent'oirue
847 2484 969 2541 miseros
989 2484 1033 2540 68.

141 2589 167 2628 55
181 2579 283 2637 Potens
301 2593 358 2633 non
376 2573 460 2630 debet
477 2573 639 2632 inferiorem
657 2574 768 2630 oelcsre
785 2575 911 2643 tempore
928 2572 1134 2644 prosperitatis.
1153 2575 1195 2630 70.

180 2665 338 2720 Primatum
356 2679 437 2719 nemo
455 2678 554 2733 cupere
572 2661 663 2718 debet.
683 2663 724 2716 62.

181 2752 313 2822 Princeps
329 2749 483 2805 illiteratus
502 2748 546 2804 511
563 2749 648 2806 (15551
661 2748 790 2806 555511ἰὶ5
808 2748 955 2806 doctorum
973 2748 1104 2806 virorum.
1125 2750 1185 2806 105.

181 2839 312 2912 Princeps
330 2837 413 2893 (15551
430 2854 489 2892 5555
506 2837 603 2893 (155155
621 2836 651 2892 15
669 2835 773 2892 divinis
791 2835 969 2892 5155555515
987 2835 1107 2907 legibus.
1127 2837 1186 2891 105.

181 2927 322 2998 Principes
340 2924 386 2995 qui
406 2923 564 2994 antiquitus
583 2924 705 2988 fuerunt,
725 2922 886 2980 1555555551
905 2923 1056 2994 megistros
1074 2925 1104 2979 et
1120 2923 1254 2981 (15555555.
1275 2924 1333 2979 105.

140 3027 167 3067 ro
181 3011 323 3072 Probnndi
340 3016 406 3068 suut
418 3012 502 3068 emioi
519 3015 548 3068 et
567 3012 640 3076 55511,
659 3030 696 3068 55
714 3011 772 3068 5151
784 3012 886 3070 fideles.
909 3013 967 3069 108.

182 3099 349 3158 Promittere
367 3116 448 3155 nemo
465 3099 556 3164 debet,
575 3097 650 3168 quod
667 3117 724 3156 non
743 3099 805 3154 vult
822 3102 874 3155 eut
890 3097 980 3170 555511
997 3100 1095 3158 fauere
1114 3101 1156 3156 ul.

180 3187 306 3243 Prudens
324 3186 361 3242 sit
379 3188 552 3242 5155555155
570 3189 666 3242 eutem
685 3187 755 3244 bene
772 3187 884 3252 doetus,
912 3187 962 3257 qui
987 3187 1066 3258 eupit
1083 3187 1143 3244 lieri
1161 3187 1237 3258 opud
1256 3186 1334 3258 prin·

251 3273 325 3346 51555
343 3273 519 3330 sublimetur.
541 3275 599 3331 105.

180 3362 295 3418 Pulolrri
311 3361 383 3418 nihil
400 3361 499 3418 heberi
517 3365 610 3433 551551
626 3362 686 3419 5155
704 3362 809 3420 155555.
827 3365 870 3419 32.

140 3462 166 3502 55
180 3449 421 3508 Pulohritudinem
438 3449 564 3506 mulieris
581 3467 616 3506 55
633 3450 774 3522 inspicies.
793 3451 836 3508 88.

180 3538 312 3610 Pugnare
328 3554 386 3594 non
401 3536 506 3593 (155551
522 3537 598 3593 inter
615 3554 644 3592 55
661 3539 759 3608 pertus
778 3536 926 3594 discordes.
944 3537 989 3592 86.

180 3625 312 3697 Pugnare
328 3624 462 3682 debemus
479 3641 543 3679 oum
560 3623 686 3682 55511555
704 3623 892 3681 infernalibus
917 3640 968 3695 per
997 3621 1141 3680 ooutrerie
1165 3639 1227 3697 quse
1253 3622 1334 3680 nobis

251 3711 393 3782 ingerunt
414 3713 472 3768 117.

181 3801 312 3872 Pugnare
328 3817 386 3856 non
402 3799 487 3857 (15551
504 3799 604 3857 (1551115
622 3802 721 3857 555155
738 3801 850 3858 fortem.
872 3801 931 3856 120.

143 3901 169 3939 (5
184 3887 370 3954 Quaestionem
388 3887 447 3944 5155
465 3905 550 3944 55555
568 3889 711 3968 moventes
729 3905 801 3959 5555
819 3888 1037 3946 confunduntur.
1058 3891 1083 3944 5.

180 3977 271 4044 Quum
289 3975 343 4031 tibi
360 3975 428 4047 quid
446 3976 536 4040 detur,
556 3993 604 4031 our
623 3976 714 4042 detur,
732 3975 853 4047 5555155.
874 3977 933 4031 loo.

179 4063 282 4122 Reotor
300 4063 397 4135 555511
413 4062 539 4134 eligetur
556 4063 605 4133 qui
623 4062 704 4120 bonis
720 4066 764 4118 est
782 4067 898 4120 ornatus
916 4064 1049 4122 moribus.
1068 4065 1111 4119 25.

179 4153 297 4209 Hectore
315 4152 388 4208 bono
406 4170 463 4208 non
480 4150 606 4208 conteuti
624 4149 725 4207 merito
742 4151 820 4209 melo
840 4155 986 4208 vexentur.
1004 4154 1030 4208 3.

179 4239 311 4298 Rectoree
330 4238 508 4296 nordebert
526 4238 626 4295 timere
642 4239 733 4296 melos
751 4241 781 4295 51
798 4257 951 4311 perversos.
970 4242 994 4296 8.

140 4339 166 4381 55
179 4327 311 4386 115515555
329 4327 445 4386 renibus
462 4327 567 4386 similes
585 4345 643 4384 5555
661 4326 773 4384 (155555
792 4330 818 4386 8.
