3146 4962
702 339 764 403 249

161 508 253 575 Unde
274 515 308 576 et
329 511 427 596 agiles
441 510 584 576 homines
600 532 667 576 earn
683 511 812 596 cupiunt
826 510 988 588 comendo,
1011 509 1093 574 unde
1108 508 1142 573 in
1159 506 1298 574 Aurora:

163 616 269 680 laurus
290 617 430 681 fluminis
452 621 500 682 est
522 617 683 683 habitator
714 621 746 680 et
775 615 878 680 incola
909 619 1009 680 terrae.
1062 613 1124 679 Hic
1145 613 1301 680 maximus

163 724 259 784 nauta
280 722 421 800 exstitit,
453 722 505 787 sed
532 723 662 786 classem
693 743 781 786 suam
804 723 890 787 ultra
912 743 1007 805 quam
1030 720 1158 784 decebat
1179 739 1302 803 semper

164 826 423 909 preponderabat
445 827 483 891 de
505 848 538 890 se
559 827 727 892 confidens.
773 827 877 891 Amici
899 826 984 890 enim
1007 825 1045 890 de
1059 825 1119 890 hoo
1132 825 1302 910 redargue-

137 930 241 995 obant
263 953 321 996 neo
344 932 410 1016 ipsc
440 954 472 997 se
495 932 671 1017 corrigebat
700 936 829 1017 propter
850 930 1056 1016 cupiditatem
1079 929 1168 997 lucri
1216 930 1302 1007 Qua-

163 1035 234 1100 dam
256 1041 361 1101 autem
383 1037 449 1103 vice
471 1059 582 1102 navem
605 1037 765 1116 onerabat,
789 1059 858 1123 quae
873 1036 1073 1102 deductibus
1088 1035 1299 1120 mergebatur,

162 1162 223 1205 non
248 1142 354 1206 valens
375 1165 408 1206 se
430 1142 607 1229 gubernare
635 1147 761 1227 propter
793 1165 873 1209 onus
904 1146 937 1208 et
967 1142 1077 1207 undas.
1131 1139 1235 1226 Igitur
1262 1138 1301 1202 ad

161 1247 262 1310 solum
292 1249 475 1330 propulsata
505 1249 706 1335 naufragium
729 1249 862 1332 pertulit
895 1247 1022 1314 dicens:
1053 1247 1113 1312 hoc
1134 1243 1304 1310 intendant

162 1352 384 1436 negotiatores,
408 1375 447 1418 ne
470 1358 600 1439 propter
622 1355 828 1438 cupiditatem
850 1354 930 1420 lucri
950 1353 1106 1419 festinent
1120 1350 1215 1418 ditari
1231 1371 1302 1415 cum

122 1456 317 1540 opericulo,
347 1458 399 1522 sed
431 1479 499 1523 cnm
532 1459 699 1525 securitate
727 1459 882 1543 paulatim
910 1459 1086 1543 proficiant.
1133 1456 1190 1522 Ait
1218 1456 1302 1520 enim

162 1561 358 1628 Bernardus:
386 1565 459 1628 nolo
481 1569 612 1649 repente
632 1565 700 1629 fieri
722 1587 877 1643 summus,
902 1565 953 1630 sed
976 1563 1130 1649 paulatim
1152 1561 1303 1645 proficere

162 1659 243 1731 volo'.
289 1667 423 1743 Quidam
445 1669 581 1734 rusticus
604 1669 741 1735 habebat
764 1668 916 1755 gallinam
940 1691 1045 1746 unam,
1070 1689 1139 1751 quae
1162 1664 1303 1750 quotidie

162 1771 191 1835 ei
219 1772 355 1837 faciebat
386 1795 478 1838 ovum
518 1778 549 1839 et
588 1775 690 1839 multa
720 1774 904 1839 lucrabatur
932 1795 991 1838 ova
1020 1769 1241 1858 congregando
1267 1773 1302 1833 ‘et

165 1876 333 1942 vendendo.
380 1877 442 1943 Hic
464 1879 625 1963 cogitans,
650 1879 732 1964 quod
755 1879 857 1944 multa
878 1900 937 1943 ova
960 1881 1087 1961 possent
1108 1875 1244 1941 inveniri
1266 1875 1301 1939 in

125 1995 150 2035 1⁶
164 2003 210 2059 ea,
233 1985 266 2046 et
287 1982 394 2046 volens
417 1987 519 2048 totum
543 1983 665 2049 lucrum
687 1984 780 2048 simul
804 1983 927 2063 habere,
952 1982 1068 2048 scindit
1092 2003 1160 2047 eam
1182 1985 1215 2045 et
1236 2001 1301 2044 non
1400 2013 1403 2020 =

163 2086 326 2152 inveniens
354 2108 412 2160 ova
441 2088 578 2170 perdidit
600 2093 718 2167 totum,
747 2093 784 2153 ut
813 2088 987 2173 vulgariter
1009 2087 1147 2165 dicitur,
1179 2107 1238 2151 ova
1269 2087 1302 2149 et

163 2191 325 2275 gallinam.
370 2191 508 2257 Caveant
530 2193 624 2257 etiam
648 2194 878 2277 negotiatores,
909 2215 948 2258 ne
970 2190 1090 2276 aliquid
1112 2191 1229 2275 injuste
1250 2211 1302 2254 ac-

163 2295 292 2378 quirent
314 2296 391 2374 sibi,
422 2298 496 2381 quia
526 2299 644 2363 divitiae
667 2299 856 2381 injustorum
878 2298 942 2364 cito
965 2297 1156 2363 dilabuntur.
1210 2295 1302 2360 Unde

165 2397 386 2484 philosophus:
422 2402 540 2467 divitiae
572 2403 635 2468 cito
666 2403 828 2487 acquisitae
859 2403 914 2468 diu
936 2403 1048 2468 duram
1070 2423 1134 2466 non
1157 2402 1300 2484 possunt

124 2520 150 2560 Μ
164 2504 244 2570 Item
267 2504 358 2571 Prov.
376 2503 450 2570 XX:
474 2507 648 2596 hereditas,
664 2509 702 2572 ad
719 2531 813 2592 quam
835 2507 1003 2573 festinatur
1026 2508 1057 2571 in
1074 2505 1241 2591 principio,
1265 2505 1300 2568 in

163 2611 225 2675 fine
247 2611 464 2677 benedictione
486 2612 615 2678 carebit.
660 2613 737 2678 Cum
768 2613 895 2696 quidam
928 2616 1082 2677 mercator
1103 2611 1212 2675 vinum
1234 2631 1301 2674 me·

164 2715 250 2781 diurn
272 2737 360 2799 aquea
381 2718 512 2782 totidem
535 2718 689 2796 denariis,
718 2741 755 2783 ac
777 2719 804 2782 si
826 2740 940 2802 purum
969 2721 1067 2796 esset,
1099 2715 1300 2792 vendidisset,

163 2825 195 2884 et
217 2843 288 2885 cum
310 2822 343 2885 in
367 2821 440 2886 navi
461 2823 634 2906 aperuisset
655 2824 834 2901 sacculum,
864 2823 919 2889 ubi
949 2843 1059 2887 aureos
1082 2824 1241 2905 susceptos
1263 2821 1301 2884 de

163 2925 265 3010 pretio
287 2925 353 2990 vini
375 2927 564 3005 reservabat,
589 2928 681 2993 simia
703 2928 844 3012 quaedam
868 2929 902 2992 in
925 2927 997 2992 navi
1015 2935 1083 2992 erat
1099 2926 1167 2991 haec
1181 2924 1302 3003 videns,

124 3045 150 3084 2⁶
165 3051 234 3113 qnae
255 3031 336 3096 clam
357 3031 446 3095 venit
468 3036 499 3095 et
521 3032 642 3116 accepit
664 3034 822 3098 sacculum
844 3053 914 3097 cum
930 3033 1032 3097 aureis
1048 3031 1193 3114 fugitque
1208 3051 1302 3114 super

164 3135 333 3201 anchoram
355 3136 569 3221 incipiensque
590 3139 712 3222 aperire
734 3137 907 3214 sacculum,
929 3158 1029 3201 unum
1050 3157 1179 3201 aureum
1202 3134 1301 3218 proji-

164 3240 265 3305 ciebat
287 3242 322 3305 in
344 3243 434 3322 mari,
458 3242 554 3306 alium
577 3245 683 3308 autem
706 3243 739 3307 in
762 3243 854 3320 navi,
884 3246 920 3307 ut
949 3246 1104 3307 mercator
1131 3262 1169 3305 ex
1191 3239 1301 3305 fraude

163 3345 245 3412 nihil
266 3351 456 3432 apportaret.

420 3523 476 3589 De
499 3523 617 3589 leone
639 3528 856 3602 venatore,
881 3471 953 3589 dial.
982 3524 1051 3588 100.

124 3686 150 3723 ao
251 3661 314 3726 Leo
336 3661 464 3746 quidam
485 3663 640 3727 maximus
663 3667 794 3727 venator
815 3661 899 3740 fuit3
921 3661 973 3727 hic
987 3682 1109 3746 semper
1124 3660 1169 3725 sio
1179 3659 1303 3746 agebat,

58 3819 63 3830 .
164 3787 235 3831 cum
257 3765 440 3832 venabatur.
486 3766 648 3833 Animalia
669 3768 853 3833 intuebatur
882 3771 915 3832 et
936 3766 1176 3851 conspicabatur
1202 3787 1300 3831 unum

164 3871 201 3936 de
224 3870 405 3935 melioribus
433 3871 598 3957 ipsumque
626 3873 880 3958 persequebatur.
927 3871 1055 3937 Animal
1085 3874 1191 3936 autam
1212 3870 1302 3948 illud,

163 3998 235 4042 cum
257 3981 339 4042 esset
368 3976 401 4040 in
425 3975 577 4043 distantia
606 3977 689 4042 bona
719 3979 759 4042 ab
789 3978 874 4062 ipso,
910 3999 1003 4062 quam
1034 3977 1126 4042 citius
1150 3976 1302 4060 fugiebat,

163 4103 221 4166 pro
244 4103 306 4165 qno
327 4080 377 4146 leo
399 4082 624 4162 contristatus,
657 4104 721 4147 non
752 4082 889 4159 habens,
920 4083 1002 4166 quod
1024 4081 1172 4165 optabat,
1195 4081 1303 4147 volens

124 4207 150 4248 rs
164 4185 260 4251 etiam
283 4187 321 4250 de
343 4185 462 4251 relictis
485 4208 611 4270 capere,
633 4186 765 4252 minime
786 4187 928 4266 valebat,
962 4191 1091 4271 propter
1120 4185 1203 4270 quod
1234 4209 1303 4251 orn·

164 4292 218 4356 nia
239 4290 302 4356 alia
319 4291 386 4375 jam
408 4291 588 4358 latitabant.
626 4291 689 4357 Leo
711 4313 785 4357 vero
800 4292 988 4356 amaricatus
1003 4290 1151 4356 manebat
1173 4295 1205 4356 et
1220 4313 1303 4357 nun·

164 4417 258 4479 quam
281 4396 454 4461 venabatur
476 4397 596 4462 dicens:
623 4419 785 4482 nunquam
809 4397 1006 4462 dimittamus
1029 4399 1150 4462 certum
1173 4417 1230 4462 nec
1251 4419 1301 4462 re-
