3096 4944
671 365 733 425 209

118 542 196 601 ente
218 536 375 602 indictum
400 535 439 600 ab
462 557 507 612 eo,
522 535 717 618 rejecerunt,
740 533 883 618 profecto
906 555 969 598 non
992 537 1050 612 est,
1075 533 1157 617 quod
1173 533 1273 597 ullam

119 642 269 726 deinceps
292 663 421 728 operam
444 644 549 706 sumet
571 641 603 704 in
628 661 664 704 eo
679 640 888 717 convocando,
913 639 1072 722 quin'quee
1088 659 1182 702 causo
1196 642 1274 703 tuno

119 747 223 811 movit
245 747 312 830 ejus
336 747 541 824 adversarios,
564 750 686 810 utnon
710 746 915 810 admitterent
938 744 1034 822 illud,
1057 744 1165 808 eedem
1189 765 1274 808 nunc

121 872 249 936 quoque
270 857 395 917 manet:
428 852 543 916 nolunt
573 851 658 915 enim
690 852 793 934 ipsum
815 850 898 916 ferre
918 850 1075 934 judicem,
1108 849 1161 912 sed
1184 869 1273 913 reum

120 958 223 1038 agunt
246 956 284 1020 de
307 956 505 1041 gravissimis
528 956 722 1022 criminibus.
753 955 809 1021 Sin
834 960 940 1020 autem
962 955 1032 1020 idco
1055 954 1164 1032 tacuit,
1189 953 1273 1037 quod

122 1063 293 1140 metueret,
328 1083 369 1126 ne
400 1062 596 1146 temporibus
626 1061 703 1126 facti
730 1060 896 1145 peritiores
929 1059 1072 1126 homines
1105 1057 1274 1123 concilium

123 1165 249 1248 quidem
273 1167 437 1251 publicum
452 1189 518 1232 non
534 1171 722 1245 recusarent,
747 1167 800 1231 sed
815 1167 918 1251 ipsum
934 1189 951 1231 e
966 1165 1045 1230 solio
1062 1163 1272 1240 detraherent,

122 1275 153 1334 et
175 1271 429 1337 accusationibus
460 1275 609 1357 cogerent
638 1270 844 1354 respondere,
879 1271 942 1350 iam
972 1273 1056 1335 certe
1088 1269 1193 1352 palem
1217 1271 1273 1346 est,

120 1375 313 1461 figmentum
336 1378 432 1442 etiam
455 1375 534 1442 illud
556 1375 653 1441 fuisse
675 1378 708 1440 et
729 1375 913 1452 ludibrium,
938 1375 1021 1458 quod
1044 1377 1137 1438 antea
1159 1393 1224 1456 prae
1244 1393 1276 1435 se

120 1479 252 1560 tulerat,
277 1483 417 1565 adeoque
439 1483 546 1567 colligi
568 1485 674 1566 potest
696 1503 733 1545 ex
757 1503 792 1546 eo
815 1481 976 1558 facillime,
1004 1501 1168 1563 nunquam
1190 1479 1275 1561 ipsos

120 1584 160 1650 de
180 1586 317 1653 concilio
331 1588 469 1672 cogitare
486 1609 524 1652 ex
541 1587 657 1664 animo,
678 1586 731 1650 sed
749 1586 903 1670 speculari
920 1587 1022 1650 solum
1040 1583 1192 1668 temporis
1208 1603 1275 1646 mo·

122 1695 245 1768 menta,
262 1695 295 1756 et
306 1696 376 1758 tum
386 1693 509 1756 demum
520 1691 622 1756 facere
633 1689 758 1754 concilii
771 1690 973 1766 mentionem,
990 1711 1025 1754 ac
1037 1711 1123 1773 spem
1136 1689 1275 1771 aliquam

97 1795 298 1875 ¹ostendere,
323 1798 448 1881 quando
471 1797 579 1861 vident
601 1795 731 1860 omnino
753 1795 821 1859 lieri
838 1817 900 1860 non
918 1815 1018 1878 posse,
1042 1792 1159 1877 ut[Sij]
1176 1795 1272 1858 coeat.

122 1901 201 1978 Quae
224 1901 289 1967 fuit
312 1903 397 1967 enim
420 1903 483 1966 alia
505 1923 615 1978 causa,
645 1901 824 1985 qnod-ante
846 1900 1011 1964 biennium
1034 1899 1118 1984 apud
1141 1897 1275 1962 Triden-

121 2007 208 2071 tinos
234 2007 315 2072 illud
339 2009 410 2093 cogi
433 2007 543 2086 voluit,
568 2006 629 2071 nisi
652 2006 735 2090 quod
757 2005 915 2090 ipsissimo
938 2010 1088 2089 tempore,
1113 2025 1175 2088 quo
1198 2023 1274 2068 con-

123 2111 254 2196 scripsit
276 2111 368 2192 illud,
392 2112 518 2177 ridebat
533 2112 617 2176 inter
633 2117 664 2177 te
680 2111 854 2195 Galliaeque
875 2132 982 2197 regern
1006 2111 1112 2176 omnia
1135 2113 1277 2193 spectare

695 2251 712 2289 'l

126 2353 219 2438 [140]
244 2356 356 2433 Quelle
379 2360 469 2422 autre
491 2379 581 2422 cause
604 2356 662 2421 a·il
686 2378 723 2421 eu
748 2357 863 2421 devant
883 2355 964 2421 deux
986 2378 1043 2420 ans
1058 2355 1096 2419 de
1111 2353 1278 2438 l'assigncr

12 2523 13 2528 ,
125 2461 144 2523 ir
166 2461 298 2540 Trente,
323 2463 416 2527 sinon
439 2465 533 2547 qu'au
554 2485 671 2527 mesine
693 2469 797 2546 temps
820 2461 897 2546 qu'il
920 2461 949 2526 le
967 2459 1114 2544 publicit,
1131 2457 1155 2522 il
1171 2457 1279 2542 voyoit

125 2571 326 2648 apertemcnt
361 2589 421 2652 que
454 2569 492 2632 de
526 2571 628 2633 tontes
662 2591 735 2653 pars
768 2588 880 2654 guerre
914 2565 1094 2632 tresoruclle
1127 2562 1280 2628 s‘ouvroit

698 2708 714 2745 ’lt

12 2807 13 2860 3
124 2807 252 2892 Porque
276 2831 338 2893 quc
361 2814 433 2876 otra
454 2832 546 2878 causa
567 2812 597 2877 le
620 2813 739 2890 morio,
770 2835 837 2878 mae
867 2813 910 2878 ha
931 2835 971 2896 ya
994 2812 1032 2876 de
1053 2811 1108 2875 dos
1131 2815 1226 2885 aiios,
1260 2829 1280 2872 a

123 2934 187 2995 que
210 2913 304 2995 quiso
320 2935 381 2996 que
397 2937 428 2978 se
442 2916 582 2998 juntasse
597 2939 636 2982 en
652 2918 779 2996 Trento,
803 2903 873 2982 sino
897 2939 957 3002 que
979 2939 1018 2982 en
1042 2915 1135 2999 aquei
1157 2935 1276 2978 mesmo

122 3017 263 3100 tiempo,
298 3040 336 3082 en
362 3041 423 3102 que
444 3020 476 3085 lo
499 3043 648 3101 convoco,
679 3044 756 3108 veya
778 3023 807 3088 el
829 3045 890 3106 que
912 3026 1001 3087 entre
1021 3023 1146 3085 vuestra
1168 3018 1279 3103 Mage-

702 3160 720 3200 ιι

124 3259 180 3325 das
206 3262 297 3326 scine
319 3262 511 3347 widerpart,
546 3263 620 3342 das,
655 3286 715 3329 von
747 3265 791 3330 im
814 3265 1057 3351 ausgeschriben
1081 3263 1202 3328 Concili
1225 3283 1280 3348 gc·

125 3370 247 3450 wegert
270 3367 338 3431 und
362 3367 591 3452 abgcschlagen
615 3369 687 3446 hat,
717 3393 752 3434 so
774 3371 849 3435 wirt
870 3393 902 3436 er
926 3370 1007 3436 noch
1031 3370 1090 3434 wol
1113 3369 1165 3434 ein
1187 3367 1282 3452 lango

125 3470 186 3534 zeit
209 3471 473 3556 stillschweigen,
497 3471 559 3534 und
583 3473 638 3536 des
653 3472 774 3538 Conciti
790 3475 892 3538 lasscn
909 3474 1067 3559 begraben
1085 3473 1168 3550 sein,
1189 3473 1282 3536 ‹lweil

126 3575 211 3639 scine
234 3575 412 3658 widerpart
434 3575 512 3639 eben
542 3575 702 3642 derselben
735 3581 888 3665 meinung
921 3579 1000 3644 noch
1036 3580 1099 3656 ist,
1133 3576 1281 3654 nemliclr,

125 3679 159 3742 in
182 3681 237 3745 ein
260 3679 353 3745 soloh
378 3680 571 3758 Concilium,
603 3683 660 3748 wie
682 3706 732 3748 ers
755 3686 927 3770 gedcnclret
949 3691 987 3752 ad
1011 3686 1137 3763 holten,
1172 3687 1222 3748 nit
1245 3687 1282 3748 cir
1366 3667 1370 3676 ’

125 3784 282 3870 willigeri.
329 3783 507 3871 Schweiget
529 3809 561 3851 er
585 3788 658 3852 aber
682 3789 813 3856 darumb
836 3791 921 3869 still,
955 3791 1010 3856 das
1038 3813 1072 3856 er
1093 3789 1220 3867 i'drcht,
1251 3811 1283 3852 es

125 3888 235 3954 mdcht
259 3893 345 3954 etwa
369 3890 422 3954 ein
445 3891 534 3955 recht
555 3891 725 3958 Christlich
749 3893 870 3960 Concili
892 3895 1042 3981 gehalteu
1073 3895 1216 3971 werden,
1248 3893 1282 3956 in

123 3992 278 4058 welchem
303 4013 339 4058 er
363 3994 423 4057 deu
447 3994 563 4059 richter
586 3997 648 4061 still
673 3999 721 4061 nit
744 3999 881 4064 besitzen
904 4001 1028 4077 witrio,
1062 4021 1096 4064 so
1125 3999 1284 4064 bckeonet

12 4147 14 4168 ,
124 4119 158 4161 er
179 4096 231 4181 ja,
263 4098 322 4161 das
347 4096 428 4161 auch
451 4099 517 4162 sein
542 4079 630 4185 vorig
653 4103 872 4168 ausschreiben
896 4105 949 4168 des
972 4103 1112 4182 Concili,
1149 4125 1209 4167 nur
1232 4103 1283 4166 ein

12 4231 14 4296 ἰ
123 4201 229 4267 lauter
252 4205 330 4285 spot
354 4223 496 4287 gewesen
527 4205 589 4281 ist,
625 4205 689 4270 und
722 4207 776 4270 das
807 4231 841 4272 er
871 4215 975 4292 sarnpt
998 4209 1103 4273 sciuen
1129 4209 1282 4284 vorfarou,

123 4305 232 4370 nichts
256 4305 389 4382 andero,
413 4307 496 4369 dorm
520 4307 574 4370 des
595 4309 695 4373 nimer
719 4311 791 4374 kein
815 4311 990 4376 Concilium
1014 4313 1162 4396 gelraltcu
1188 4312 1283 4389 werd,

12 4495 14 4514 Ἠ
123 4411 238 4477 sochot
261 4410 332 4476 und
357 4409 494 4493 begeret.

171 4531 306 4575 meldanus
1035 4519 1077 4604 Ι14
