3172 4962
99 1479 103 1486 Ι
130 1387 310 1462 Praefatio
337 1389 376 1460 in
402 1388 552 1477 librum,
582 1387 646 1482 qui
668 1387 804 1460 dicitur
825 1388 1007 1482 dyalogus
1022 1396 1282 1467 creaturarum

131 1512 390 1598 moralitatus,
419 1510 522 1582 omni
548 1511 717 1583 materiae
732 1511 865 1584 morali
884 1511 1050 1604 jocundo
1077 1519 1118 1589 ct
1137 1514 1283 1588 edifica-

280 1632 362 1706 tivo
389 1631 500 1705 modo
527 1633 776 1729 applicabilis,
805 1634 937 1729 incipit
964 1635 1134 1712 feliciter.

223 1807 379 1884 Quoniam
401 1807 485 1872 sicut
506 1809 642 1904 testatur
664 1805 820 1872 Ysidorus
844 1808 877 1873 in
899 1809 983 1876 libro
995 1811 1034 1877 de
1049 1834 1172 1879 summo
1188 1813 1282 1890 bono,

102 1912 218 1978 ulibro
240 1913 344 1997 primo
367 1914 470 1997 capite
492 1916 605 1997 quarto
628 1912 754 1990 dicens,
787 1915 870 1996 quod
901 1935 939 1980 er
961 1916 1198 2000 pulchritudine
1220 1917 1283 1981 cir-

133 2017 333 2102 cumscriptae
369 2022 491 2083 natura
524 2017 663 2083 ostendit
706 2018 798 2083 nobis
832 2019 907 2085 deus
939 2022 1186 2105 pulchritudiuis
1219 2043 1284 2087 suae

132 2125 257 2205 partem
290 2121 438 2205 aliquam.
488 2120 553 2197 ¹Qui
589 2097 803 2186 circumscribi
842 2125 954 2209 nequit
989 2131 1022 2191 et
1050 2105 1207 2214 intelligi,
1231 2133 1283 2192 ‘ut

133 2227 212 2312 ipsis
252 2227 369 2294 eisdem
411 2226 554 2313 vestigiis
588 2227 681 2291 homo
723 2231 900 2293 revertetur
939 2231 981 2294 ed
1020 2233 1130 2311 deum,
1168 2233 1283 2316 quibus

133 2353 262 2398 aversus
282 2339 331 2398 est
351 2355 371 2398 a
392 2331 470 2412 Deo,
497 2332 607 2416 etqui
630 2353 837 2415 perumorem
861 2333 1110 2417 pulchritudinis
1132 2342 1284 2402 creatura

92 2458 121 2495 ιο
135 2461 155 2502 a
176 2438 328 2503 creatoris
350 2436 509 2503 formasa
531 2435 682 2514 abstulit,
707 2458 816 2501 rursus
838 2459 895 2520 per
917 2443 1070 2504 creaturae
1085 2440 1227 2508 decorem
1243 2441 1283 2506 ad

134 2543 285 2608 creatoris
307 2541 357 2607 sui
379 2541 626 2626 pulcritudinem
649 2544 836 2605 revertatur.
883 2543 960 2619 Quae
983 2543 1109 2627 quidem
1132 2549 1284 2611 creatura
1413 2599 1418 2608 .

133 2648 194 2712 etsi
218 2647 319 2726 nobis,
343 2648 426 2711 sicut
441 2645 522 2712 liber
544 2646 604 2710 iste
627 2645 733 2732 fingit,
757 2645 937 2730 dyalecticae
960 2669 1035 2713 voce
1056 2649 1194 2715 formato
1216 2672 1281 2715 non

134 2753 326 2837 loquantur,
358 2750 567 2816 inclinatione
595 2753 704 2814 tamen
735 2753 767 2814 et
789 2751 946 2816 naturalis
970 2752 1184 2820 institutionis
1206 2778 1282 2840 pro-

134 2857 270 2941 prietate
293 2877 350 2920 nos
374 2857 482 2921 docere
505 2859 693 2938 nostrosque
716 2877 819 2920 mores
841 2857 1018 2941 corrigere,
1050 2861 1077 2924 si
1099 2843 1180 2925 bene
1202 2883 1281 2946 pen·

93 2993 121 3032 η
134 2983 257 3039 samus,
280 2982 345 3026 non
368 2961 525 3026 desinunt.
574 2960 663 3037 Quod
688 2960 768 3025 illud
791 2961 963 3046 gloriosum
986 2963 1094 3028 lumen
1120 2965 1283 3034 doctorum

134 3069 263 3130 sanetus
278 3065 479 3152 Augustinus
494 3066 615 3150 optime
630 3065 842 3151 intelligebat,
866 3087 937 3131 cum
953 3067 1095 3133 dicebat:
1119 3090 1138 3133 o
1154 3070 1281 3135 domine

134 3173 228 3250 deus,
260 3192 368 3237 omnes
391 3176 544 3236 creeturae
566 3175 648 3249 tuae,
679 3193 757 3254 quas
780 3170 901 3250 fecisti,
934 3173 973 3236 ad
1003 3195 1053 3237 me
1086 3173 1226 3239 clamant
1251 3178 1284 3239 et

133 3277 272 3342 clamare
301 3298 366 3342 non
389 3277 554 3356 desinunt,
587 3281 625 3342 nt
652 3279 685 3340 te
713 3275 817 3340 solum
848 3277 941 3341 deum
975 3282 1147 3342 erectorem
1177 3301 1283 3344 meum

133 3404 229 3466 super
259 3383 365 3447 omnia
398 3383 539 3468 diligam.
585 3380 628 3446 Et
658 3381 728 3446 ideo
758 3386 869 3446 auctor
897 3381 973 3446 libri
1003 3381 1096 3446 istius
1126 3381 1192 3446 haec
1223 3383 1284 3445 rite

93 3486 336 3554 inconsiderans
360 3489 511 3570 quosdam
543 3487 694 3573 dyalogos
716 3491 932 3552 creaturarum
954 3487 993 3551 ad
1016 3509 1127 3552 sanam
1158 3491 1191 3552 et
1214 3506 1283 3550 mo-

11 3603 12 3606 ’
134 3591 235 3656 rslem
257 3591 435 3656 doctrinam
466 3592 655 3677 applicavit,
685 3591 839 3656 confinxit
870 3597 902 3656 et
935 3591 1131 3675 composuit,
1163 3597 1200 3656 ut
1227 3612 1284 3675 per

134 3700 351 3761 creaturarum
389 3696 477 3781 qussi
511 3697 603 3761 nobis
637 3695 835 3779 loquentium
869 3694 1081 3779 proprietates
1120 3695 1215 3760 simul
1250 3695 1284 3759 in

135 3801 277 3867 moribus
299 3803 479 3869 erudiamur
503 3807 535 3868 et
550 3803 680 3869 taedium
696 3801 897 3867 audientium
916 3802 1070 3866 evitemus
1093 3804 1124 3865 et
1141 3801 1284 3885 ipsorum

135 3907 333 3972 audientium
359 3908 544 3972 memoriam
576 3908 775 3991 adjuvemus,
810 3907 894 3990 quod
925 3905 1061 3970 maxime
1090 3926 1148 3988 per
1178 3925 1284 3968 rerum

94 4037 121 4076 as
136 4012 362 4077 similitudines
384 4018 583 4096 procuratur.
628 4011 774 4078 Salvator
796 4011 881 4076 enim
904 4012 1013 4075 noster
1036 4008 1179 4073 omnium
1202 4028 1284 4092 prce-

135 4116 311 4181 dicatorum
333 4117 473 4201 perfecta
494 4117 599 4182 forma
620 4116 747 4195 fabulis,
771 4114 1011 4199 palaestinorum
1033 4134 1120 4178 more
1136 4135 1210 4178 usus
1225 4115 1283 4192 est,

135 4225 172 4284 ut
194 4243 300 4285 rerum
323 4221 533 4287 similitudine
562 4221 601 4286 ad
632 4221 716 4288 viam
744 4217 889 4284 veritatis
920 4218 1065 4282 homines
1088 4217 1282 4302 perduceret.

136 4325 256 4391 Auctor
287 4347 363 4412 ergo
392 4326 467 4391 libri
498 4326 662 4410 presentis
692 4323 829 4408 jocundo
851 4323 944 4388 modo
967 4321 1102 4412 morales
1125 4321 1284 4388 doctrinas

135 4430 170 4496 in
185 4430 411 4497 exterminium
434 4430 585 4496 vitiorum
609 4434 642 4496 at
664 4429 820 4495 virtutum
846 4428 1076 4514 promotionem
1099 4427 1283 4498 introducit.
