3082 4938
774 251 837 314 214

227 424 459 500 adhibuerunt,
494 445 664 507 eorumque
691 423 792 488 seauti
815 427 891 486 aunt
912 423 1145 488 auctoritatem.
1191 419 1272 486 Cum
1293 421 1382 487 enim

227 530 321 594 nnius
343 527 476 594 arbitrio
499 529 729 611 permittuntur
751 527 874 604 omnia,
898 527 967 592 fieri
990 550 1053 592 non
1078 530 1202 611 potest,
1238 527 1317 610 quin
1347 531 1384 591 ot

228 635 421 718 impotenter
450 637 482 697 et
510 633 657 698 seditiose
680 635 712 696 et
733 631 843 715 inique
866 633 969 696 multa
990 633 1079 696 fiant.
1125 630 1275 696 Pontifex
1296 653 1382 710 vero,

228 740 303 823 qnia
325 740 410 803 solus
433 737 590 802 dominari
615 737 716 802 voluit
738 737 902 813 omnibus,
934 757 1066 821 eamque
1096 739 1285 820 potestatem
1317 737 1384 802 sibi

229 865 293 908 non
314 845 411 908 verbo
433 847 560 908 tantum
583 846 725 926 usurpat,
749 842 802 906 sed
818 863 852 906 re
868 863 993 925 quoque
1009 821 1164 918 vendicat,
1189 863 1254 906 non
1274 842 1385 926 potuit

228 970 293 1014 non
316 947 387 1012 fieri
408 951 574 1032 tyrannus.
621 945 688 1011 Neo
709 951 767 1023 est,
791 947 874 1030 quod
896 946 998 1010 ullum
1022 949 1165 1030 speretur
1188 945 1229 1010 ab
1252 965 1288 1010 eo
1310 945 1384 1011 lau-

227 1055 336 1120 datum
351 1053 540 1136 exemplum,
557 1053 707 1136 quamdiu
723 1052 876 1118 consistet
890 1052 924 1116 in
941 1070 978 1116 eo
994 1052 1133 1118 licentiae
1149 1053 1260 1137 gradu,
1285 1072 1384 1134 quem

230 1159 384 1224 hactenus
406 1158 556 1222 obtinuit.

228 1265 304 1340 Quae
325 1285 397 1328 oum
419 1264 467 1328 ita
488 1263 573 1340 sint,
596 1262 689 1328 debes
711 1261 842 1326 omnino
865 1261 1040 1345 providere,
1063 1259 1182 1341 Cesar,
1215 1265 1252 1326 ut
1274 1261 1386 1326 omnia

227 1374 284 1433 tna
306 1369 438 1433 consilia
460 1369 576 1432 reseras
600 1367 639 1431 ad
655 1367 879 1432 illustrandam
895 1367 1032 1450 gloriam
1050 1363 1119 1443 Dei,
1143 1369 1175 1430 at
1190 1387 1384 1452 recuperan-

227 1474 300 1540 dam
323 1472 501 1538 Germaniae
523 1471 800 1556 tranquillitatem.
848 1472 938 1548 Quod
971 1493 1046 1536 sane
1076 1471 1146 1535 fieri
1176 1493 1240 1534 non
1265 1475 1383 1554 potest,

228 1578 291 1642 nisi
314 1577 354 1642 ab
376 1577 433 1640 illa
462 1577 627 1660 pontificia
655 1578 807 1641 servitute
835 1577 867 1640 in
899 1577 1081 1641 libertatem
1115 1577 1308 1660 proclames,
1344 1597 1387 1642 ao

224 1684 446 1766 jusjurandum
470 1681 549 1746 illud
572 1680 756 1760 violentum,
781 1682 993 1765 tyrannicum,
1016 1681 1077 1745 tibi
1100 1682 1228 1764 tuisque
1249 1681 1384 1764 majori·

227 1786 286 1851 bus
309 1789 478 1865 extortum,
503 1790 535 1850 et
557 1789 612 1850 tuo
628 1785 794 1868 splendore
810 1785 989 1870 iudignum,
1012 1786 1107 1868 plane
1122 1785 1255 1870 rejicias.
1295 1784 1385 1852 Nam

164 1883 173 1897 ⁰
228 1891 404 1956 communis
429 1888 593 1954 hominum
626 1888 711 1954 salus
740 1893 771 1953 et
794 1887 914 1954 Christi
947 1889 1051 1975 gloria
1084 1889 1200 1954 debent
1233 1891 1386 1956 omnibus

228 1995 321 2060 rebus
338 1993 495 2069 humanis,
520 1992 656 2058 maxime
666 2014 740 2058 voro
756 1993 889 2076 privatis
904 1993 1164 2077 paucissimorum
1180 1994 1385 2078 quorundam

229 2100 422 2166 utilitatibus
445 2098 605 2163 anteferri.

317 2203 352 2269 Si
376 2205 531 2281 clamant,
563 2201 645 2286 quod
669 2202 787 2281 solent,
819 2207 852 2266 ot
875 2225 991 2288 magno
1014 2205 1181 2288 supercilio
1204 2204 1385 2290 loquuntur

801 2325 818 2360 t

228 2415 286 2480 hat
307 2419 421 2498 mdgen
440 2412 521 2479 thdu
538 2412 659 2478 wesin
683 2413 789 2478 lustet.
825 2411 898 2476 Und
921 2413 965 2478 ist
989 2413 1060 2498 [46]
1083 2435 1144 2478 von
1169 2414 1256 2480 alten
1278 2416 1387 2481 naiton

228 2518 276 2583 bis
299 2519 367 2584 suff
386 2518 539 2603 heutigen
562 2521 618 2601 tag
640 2517 826 2594 herkomenf
846 2517 900 2582 das
924 2518 970 2582 sie
990 2518 1082 2583 deren
1099 2521 1192 2585 stand
1209 2524 1287 2604 gdte
1301 2520 1385 2586 mei-

229 2643 319 2706 nung
335 2623 492 2698 anhdrem
516 2622 580 2686 und
604 2623 659 2687 dar
681 2622 787 2687 selben
812 2623 946 2708 pdegen.
986 2622 1087 2688 Dweil
1112 2647 1179 2689 nun
1204 2626 1258 2690 der
1280 2625 1387 2709 Bapst

230 2721 306 2792 dber
339 2727 390 2790 die
420 2732 534 2811 gantae
565 2726 641 2790 walt
671 2726 767 2791 alleiu
801 2728 867 2791 sein
898 2727 972 2806 wil,
1007 2729 1066 2792 wie
1100 2751 1134 2793 er
1167 2729 1386 2796 anstruoklioh

228 2829 389 2908 schreibt,
424 2831 488 2894 und
511 2830 572 2894 mit
594 2830 648 2894 der
671 2830 743 2895 that
765 2832 901 2915 erzaiget
922 2831 997 2909 hat,
1032 2853 1067 2896 so
1098 2833 1155 2898 hat
1185 2833 1266 2900 anah
1289 2833 1384 2900 nichs

229 2936 350 3013 andere,
374 2936 460 3000 dann
483 2936 534 2999 ein
557 2939 652 3019 tyran
675 2957 731 3000 ans
753 2937 798 3000 im
820 2936 945 3000 werden
968 2943 1094 3022 mdgom
1121 2937 1320 3024 desglaiohen
1338 2940 1387 3006 ist

229 3038 311 3103 auch
331 3039 422 3104 niohs
444 3039 556 3105 andans
578 3062 640 3104 von
663 3041 707 3104 im
729 3045 768 3106 ad
791 3047 960 3126 gewarten‚
984 3064 1019 3107 so
1043 3046 1119 3128 lang
1135 3044 1180 3108 im
1196 3044 1280 3110 diser
1294 3049 1384 3111 mdt·

229 3145 365 3230 williger
386 3147 483 3210 frenel
506 3149 660 3230 gestattet
683 3147 764 3210 wirt.

316 3239 418 3316 Duell
441 3251 511 3315 dem
535 3273 578 3314 nu
601 3251 668 3315 also
691 3251 751 3329 ist,
778 3250 826 3316 sol
848 3251 884 3316 Ε.
909 3252 952 3319 Μ.
977 3253 1010 3316 in
1035 3253 1134 3318 disem
1157 3253 1262 3319 hellen
1286 3255 1386 3321 lieoht

231 3356 285 3419 der
299 3357 442 3432 werhem,
465 3354 557 3420 niohs
573 3357 697 3434 andere,
721 3357 806 3422 dann
830 3379 894 3422 was
917 3363 956 3424 nd
973 3357 1084 3423 Gottes
1108 3359 1215 3436 ehren,
1240 3360 1305 3424 und
1328 3360 1387 3426 dar

229 3463 365 3545 ganisan
390 3459 605 3525 Christenheit
628 3460 773 3539 wolfart‚
799 3461 878 3527 auch
901 3466 941 3527 zd
964 3463 1136 3528 Teutsoher
1160 3463 1280 3530 Nation
1302 3468 1386 3552 rdga

229 3566 294 3631 und
316 3565 430 3643 iridem,
455 3565 594 3630 dienlioh
616 3566 680 3630 und
704 3567 875 3652 notlirfftig
898 3567 950 3644 ist,
975 3567 1123 3633 ansehen.
1171 3567 1300 3634 Welohs
1333 3570 1387 3634 nit

230 3671 406 3736 beschehen
437 3691 531 3756 mag,
567 3693 599 3735 es
634 3677 749 3736 errette
778 3671 846 3738 eioh
876 3673 958 3737 denn
982 3673 1018 3738 Ε.
1043 3673 1086 3738 Μ.
1110 3695 1166 3738 aur
1189 3674 1243 3738 des
1266 3673 1385 3758 Baprts

230 3776 417 3860 tyranneien
440 3777 504 3840 und
528 3777 696 3862 bezwang‚
725 3778 899 3842 widerumb
922 3778 955 3842 in
981 3779 1126 3856 freiheit‚
1157 3779 1222 3843 und
1243 3778 1292 3844 las
1314 3779 1384 3845 siah

230 3881 289 3945 den
313 3881 597 3966 abgezwungenem
622 3882 843 3960 unredliohen,
868 3883 1080 3969 rudtwilligen
1103 3883 1182 3960 nid,
1205 3905 1261 3948 aus
1283 3884 1385 3970 obge-

230 3987 348 4050 melten
371 3986 534 4064 ursachen,
559 3987 650 4052 niohs
672 3987 839 4052 anfeohten
863 3988 943 4052 noch
967 3988 1124 4074 bewegen.
1161 3988 1255 4052 Dann
1277 3991 1385 4073 gottos

231 4089 296 4165 ahr,
320 4090 384 4155 und
408 4092 551 4175 gemeine
573 4093 710 4170 wollent,
734 4094 776 4157 ist
799 4115 856 4177 gar
872 4093 946 4158 weit
962 4094 1037 4158 weit
1059 4089 1135 4158 iiber
1151 4094 1206 4158 'dis
1229 4093 1384 4159 heilloson

231 4193 353 4258 hauffes
376 4196 506 4279 glimpff
529 4198 593 4261 und
617 4198 786 4263 besondere
809 4203 961 4283 nutzung.

318 4298 426 4364 Wenn
449 4301 495 4364 sie
518 4301 671 4382 schreian‚
694 4303 744 4367 die
767 4303 899 4382 vatter,
924 4303 1104 4381 Conoilien‚
1128 4302 1299 4381 Deorum,
1322 4301 1384 4369 Oa·
