3146 4962
666 335 728 399 221

115 507 318 594 peregrinari
339 508 436 574 vellet
462 512 495 573 et
517 507 683 594 penuriam
705 512 772 572 tam
795 507 967 574 maximam
990 509 1155 575 sustinere.
1201 508 1274 575 Pel-

114 612 240 679 licanus
263 613 419 697 siquidem
442 613 545 679 victua
569 612 715 698 precibus
738 611 853 677 alitum
876 611 1111 698 aliquantulum
1127 635 1197 680 cum
1214 615 1274 680 ali-

114 717 204 783 tibus
227 721 440 783 commoratus
460 722 518 796 est,
542 739 612 783 cum
628 718 744 802 quibus
759 717 922 802 splendide
946 720 1142 804 epulabatur.
1188 718 1273 784 Dum

115 827 224 888 autern
247 845 355 902 orare,
390 823 495 909 legere
523 829 556 889 et
577 823 681 888 Deum
713 823 921 908 contemplari
945 827 1092 908 cuperet,
1122 847 1186 890 non
1218 846 1273 889 va-

80 947 98 984 s
115 928 204 994 lebat
234 931 365 1013 propter
395 928 554 1014 garritum
585 934 617 993 et
649 950 791 994 rumores
826 930 958 1010 alitum,
996 951 1054 996 nec
1085 930 1205 1008 sobrie,
1237 934 1275 995 ut

116 1034 250 1114 solebat,
274 1037 404 1118 propter
426 1033 624 1100 affluentiam
653 1034 718 1099 cibi
740 1039 773 1099 61
795 1039 889 1119 potus
914 1035 1019 1100 vivere
1040 1035 1175 1100 valebat.
1221 1033 1274 1099 ld-

116 1139 202 1204 ciroo
217 1139 256 1204 ad
271 1140 473 1215 corrediens,
497 1160 592 1223 quam
608 1139 773 1204 commode
795 1140 912 1224 potuit,
928 1140 972 1204 in
995 1137 1201 1204 solitudinem
1223 1161 1274 1202 re-

118 1265 227 1309 versus
250 1247 313 1322 est,
337 1243 392 1308 ubi
412 1243 531 1310 bonum
554 1247 717 1309 certamen
740 1245 895 1323 certavit,
923 1265 1050 1309 cursum
1073 1263 1274 1309 consumma·
1317 1313 1320 1318 ,

118 1349 176 1426 vit,
199 1348 292 1413 fidem
315 1353 347 1414 61
369 1349 568 1415 devotionem
585 1349 691 1433 quiete
712 1350 850 1415 servavit
864 1349 991 1416 dicens:
1015 1349 1070 1434 qui
1086 1348 1156 1414 vult
1171 1347 1274 1414 Deum

67 1472 103 1509 10
118 1453 346 1537 contemplari,
378 1453 464 1520 solus
495 1453 587 1518 debet
618 1453 815 1519 commorari.
861 1451 913 1518 Sic
945 1459 978 1518 et
1007 1456 1063 1532 tu,
1094 1473 1182 1518 serve
1204 1451 1274 1533 Dei,

119 1580 264 1642 semper,
288 1579 359 1624 cum
383 1560 528 1643 expedit,
561 1581 689 1624 maneas
715 1559 898 1638 solitarius,
923 1562 961 1624 ut
983 1559 1091 1642 quieta
1112 1562 1219 1623 ments
1241 1558 1276 1623 in

119 1664 238 1729 divinis
261 1663 451 1730 lectionibus
475 1669 507 1730 et
530 1665 810 1744 meditationibus,
842 1664 1044 1730 orationibus
1074 1667 1108 1728 et
1133 1667 1276 1730 contem·

119 1769 319 1854 plationibus
341 1773 416 1836 tuus
439 1770 571 1855 spiritus
595 1774 778 1837 exerceatur
810 1776 842 1837 et
873 1771 907 1835 in
938 1770 1104 1854 colloquiis
1126 1768 1275 1836 altissimi
1325 1849 1328 1856 Ι

116 1873 239 1960 jugiter
257 1874 440 1940 delectetur.
484 1874 571 1940 Audi
587 1857 786 1941 Bernardum
803 1876 975 1942 dicentem:
998 1896 1016 1939 o
1032 1879 1143 1940 sancta
1157 1874 1275 1954 anima,

72 1981 189 2046 156616
209 1985 293 2058 6616,
322 1985 359 2045 ut
380 1981 440 2046 soli
468 1981 597 2046 domino
618 1983 762 2046 omnium
784 2001 888 2066 serves
911 1981 1086 2066 teipsam,
1115 2001 1209 2065 quem
1233 2002 1271 2046 ex

122 2085 269 2150 omnibus
292 2085 426 2171 elegisti,
449 2085 526 2172 fuge
541 2090 712 2166 creaturas,
736 2086 764 2151 si
786 2091 958 2153 creatorem
973 2085 1092 2152 bebere
1109 2086 1276 2165 desideras,

121 2188 197 2274 fuge
219 2189 390 2269 mundum,
419 2191 446 2255 ei
476 2191 524 2256 vis
555 2213 622 2257 esse
652 2193 798 2259 mundus.
844 2191 925 2268 Quia
956 2191 1035 2256 dicit
1057 2190 1276 2277 Augustinus:

121 2294 207 2359 situ
229 2315 262 2359 es
284 2295 429 2372 mundus,
453 2295 520 2381 jam
542 2299 575 2361 16
597 2317 663 2361 non
692 2297 825 2364 delectet
856 2298 1002 2363 mundus.
1048 2296 1089 2361 In
1124 2295 1275 2381 Vitaspa·

120 2403 208 2464 trum
230 2399 309 2465 dicit
330 2400 428 2466 abbas
449 2399 603 2466 Arsenius
626 2422 739 2467 orans:
767 2403 904 2482 domine,
933 2402 1035 2488 dirige
1056 2423 1108 2466 me
1129 2400 1169 2466 ad
1191 2401 1275 2466 salu-

74 2521 105 2560 30
119 2508 194 2572 tem.
239 2503 283 2570 Et
304 2504 393 2569 venit
414 2506 442 2570 ei
465 2527 526 2570 vox
551 2506 676 2571 dicens:
700 2506 795 2592 fuge,
818 2511 888 2573 tace
912 2511 945 2573 et
969 2507 1094 2593 quiesce
1116 2509 1149 2572 et
1170 2506 1275 2572 salvus

119 2611 191 2688 eris,
215 2611 270 2694 qui
292 2610 376 2674 enim
400 2611 487 2676 sedet
507 2611 542 2677 in
558 2611 730 2677 solitudine
751 2617 784 2678 et
806 2611 951 2696 quiescit,
975 2635 993 2677 a
1016 2612 1119 2677 tribus
1143 2611 1266 2697 pericn-

119 2715 160 2779 lis
182 2714 326 2800 eripitur,
350 2716 381 2780 id
404 2720 452 2782 est
474 2717 617 2794 auditus,
640 2717 811 2782 locutionis
834 2721 866 2783 et
889 2717 986 2782 visus.
1038 2717 1174 2795 Quidam
1197 2716 1274 2782 soli·

119 2821 219 2886 tarius
241 2819 340 2885 exivit
362 2821 396 2885 in
421 2821 581 2886 heremum
611 2823 744 2887 vestitus
774 2822 859 2888 lineo
881 2843 971 2888 sacco
1001 2826 1148 2901 tantam,
1183 2843 1270 2887 cum·

119 2947 180 3009 que
207 2925 387 2990 ambularet
404 2929 470 2992 tres
494 2928 577 3006 dies,
607 2928 769 2994 adscendit
801 2950 897 3012 supra
926 2931 1049 3013 petram
1088 2932 1120 2993 et
1150 2927 1274 2992 invenit

76 3055 106 3094 aa
123 3033 183 3098 sub
214 3032 284 3116 ipsa
313 3031 445 3098 viridem
474 3034 606 3100 herbam
636 3039 669 3102 61
699 3035 859 3100 hominem
892 3037 1074 3120 pascentem
1110 3037 1275 3116 tamquam

122 3139 265 3204 bestiam.
311 3134 511 3204 Descendens
544 3145 650 3206 autem
681 3141 803 3206 occulte
833 3141 950 3205 terruit
978 3161 1060 3205 eum.
1113 3137 1174 3203 llle
1203 3159 1276 3203 vero

121 3265 193 3308 eum
215 3246 298 3308 esset
320 3244 430 3322 nudus,
454 3265 519 3309 non
542 3249 668 3328 poterat
689 3244 772 3309 ferre
795 3243 922 3310 odorem
946 3243 1123 3320 hominum,
1153 3263 1274 3328 angus·

121 3349 219 3412 tiatus
241 3348 294 3412 vix
316 3348 416 3413 evasit
440 3369 456 3412 e
476 3349 624 3415 manibus
647 3350 713 3433 ojus
742 3348 880 3434 fugiens.
927 3345 988 3413 Ille
1020 3368 1095 3412 vero
1129 3345 1277 3411 currebat

121 3456 193 3536 post
214 3452 318 3536 ipsum
344 3453 503 3519 clamans:
537 3457 682 3538 exspecta
704 3475 773 3531 me,
797 3458 830 3518 16
859 3458 990 3537 propter
1014 3450 1118 3517 Deum
1152 3472 1275 3535 sequar.

78 3580 107 3620 eo
121 3554 180 3621 Cui
202 3555 272 3622 ille:
302 3561 335 3622 et
363 3579 422 3643 ego
444 3563 575 3643 propter
597 3557 700 3624 Deum
722 3558 858 3644 refugio.
906 3557 997 3623 'lunc
1020 3556 1156 3642 projecit
1180 3556 1276 3622 vesti·
1390 3545 1391 3550 ¹

121 3663 275 3738 mentum,
298 3684 360 3746 quo
383 3667 452 3728 erat
472 3664 615 3744 indutus,
639 3663 885 3748 obsequebatur
909 3685 989 3728 eum.
1038 3661 1101 3740 Qui
1124 3683 1195 3728 cum
1215 3661 1275 3726 hoc.

122 3766 257 3843 videret,
287 3768 479 3850 exspectavit
509 3791 580 3834 eum
603 3769 726 3834 dicens:
757 3768 884 3853 qnando
914 3767 1076 3853 projecisti
1104 3767 1273 3831 materiam

121 3872 232 3937 mundi
255 3870 371 3950 abste,
399 3875 585 3957 exspectavi.
631 3873 689 3940 Cui
711 3873 784 3939 ille:
807 3877 917 3958 pater,
953 3873 1004 3938 dic
1026 3872 1106 3937 mihi
1129 3871 1273 3953 verbum,

124 3999 185 4062 quo
206 3975 312 4042 salvus
334 3975 462 4044 efficiar.
508 3976 554 4042 At
576 3978 646 4042 ille:
676 3978 754 4064 fuge
783 3978 928 4043 homines
959 3982 992 4042 et
1013 3982 1083 4042 tace
1105 3981 1139 4041 61
1163 3977 1271 4042 salvus

84 4105 111 4144 aa
124 4082 199 4162 eris,
230 4081 297 4148 hmo
320 4081 406 4146 enim
428 4087 503 4147 sunt
525 4083 717 4169 principalia
738 4083 872 4161 salutis,
904 4083 980 4167 quia
1002 4081 1058 4147 ubi
1080 4081 1196 4161 turba,
1229 4082 1275 4146 ibi

125 4187 274 4253 turbatio.
322 4186 414 4252 Unde
436 4185 569 4253 Seneca:
594 4187 741 4272 quotiens
764 4187 799 4252 in
822 4187 919 4253 turba
940 4186 988 4252 fni
1007 4188 1165 4267 turbatus,
1189 4187 1279 4253 redii.

124 4291 261 4377 Ideoque
290 4291 493 4358 'threnorum
515 4292 602 4360 lll⁰:
645 4293 755 4359 beatus
785 4293 852 4372 vir,
881 4292 937 4377 qui
966 4291 1088 4358 sedebit
1114 4292 1277 4360 solitarius

123 4403 156 4464 et
176 4398 303 4480 tacebit,
329 4398 405 4482 quia
427 4397 547 4464 levabit
571 4419 604 4464 se
626 4420 720 4483 super
742 4419 784 4463 se.
