3172 4958
720 303 758 373 al

163 477 231 540 tate
245 474 436 558 propinante
451 473 544 538 malis
559 473 642 540 male
657 475 771 558 cupida
792 475 886 558 plena
902 473 987 542 facta
1001 479 1058 542 est.
1104 474 1165 542 sed
1180 497 1252 542 cum
1269 475 1314 540 le·

162 580 237 646 talis
253 580 383 644 haustus
399 579 433 644 in
449 585 549 644 totam
564 579 726 663 perfusum
744 581 828 645 virus
843 581 997 664 inciperet
1012 581 1144 646 ebullire
1158 603 1195 647 ac
1211 605 1313 666 quan·

162 685 264 748 tocius
288 687 412 768 pararet
434 684 520 748 virus
545 688 678 750 mortem
702 690 904 761 venenatam,
931 687 1023 752 dolor
1046 685 1255 769 disrumperet
1282 690 1313 750 et

163 792 227 874 jam
243 790 381 856 clamore
397 788 522 873 periret,
539 811 613 854 mox
627 790 666 854 ad
682 790 820 855 dolentis
835 811 942 854 vocem
960 791 1046 854 venit
1061 790 1227 854 formicula
1239 811 1312 874 gra·

134 910 240 960 bnum
263 894 403 958 trahens
450 895 527 972 Quae
549 895 646 961 dixit:
671 896 747 979 quid
770 895 885 960 accidit
900 896 986 960 tibi?
1008 895 1051 962 Et
1073 896 1146 960 illa:
1171 900 1313 960 amatum

163 999 282 1083 qnippe
296 999 484 1083 sanguinem
500 1000 610 1082 putavi
627 1021 739 1084 sugere
755 999 943 1064 alimentum
959 1006 991 1065 et
1002 1000 1135 1066 exhausi
1147 1022 1314 1078 venenum,

162 1103 310 1189 cupidam
333 1125 470 1187 namque
493 1104 616 1188 decepit
639 1105 826 1189 propinator
848 1127 978 1184 avarus,
1009 1107 1065 1189 qui
1088 1106 1229 1170 retinens
1252 1105 1314 1169 sibi

163 1209 362 1274 commodum
392 1208 535 1293 sugentis
568 1208 600 1272 in
624 1209 795 1291 perniciem
819 1208 906 1273 dedit
928 1209 1023 1274 virus.
1069 1209 1158 1274 Tune
1180 1210 1314 1274 formica

162 1313 344 1397 subjunxit:
379 1312 459 1378 bene
489 1313 578 1376 video
601 1313 684 1395 quod
708 1313 798 1377 stulti
822 1335 875 1391 ea,
907 1334 978 1397 quse
1007 1314 1068 1379 sibi
1099 1319 1175 1378 sunt
1207 1316 1318 1391 noxia,-

122 1433 149 1472 10
163 1420 304 1503 cupiunt.
345 1417 386 1482 Et
411 1417 585 1502 adjungens
608 1418 732 1501 inquit:
766 1418 940 1497 nescivisci,
965 1420 1060 1502 quod,
1092 1420 1146 1503 qui
1171 1419 1311 1484 alienum

162 1525 352 1608 sanguinem
375 1523 476 1609 sugit,
499 1524 661 1607 propriam
684 1523 894 1606 perditionem
916 1524 1032 1602 sumit,
1063 1530 1096 1590 et
1124 1526 1198 1589 dum
1231 1525 1313 1590 male

164 1630 247 1714 quod
269 1628 412 1712 cupierat
435 1627 530 1712 rapit,
552 1627 613 1693 hoc
635 1629 774 1692 letaliter
796 1629 997 1712 postmodum
1014 1631 1133 1694 evomit
1156 1634 1188 1694 et
1202 1651 1237 1694 se
1251 1630 1312 1694 sibi

164 1735 428 1818 praeoarissimum
455 1733 583 1818 perdit?
614 1733 683 1800 Hae
710 1755 818 1800 revera
847 1735 940 1801 draco
971 1738 1037 1800 tarn
1070 1735 1202 1800 callidus
1226 1739 1314 1818 peste

163 1840 348 1924 cupiditatis
364 1838 519 1917 illuditur,
538 1838 594 1923 qui
609 1843 646 1903 ut
657 1840 778 1924 experti
797 1841 1028 1924 proprietatum
1044 1840 1231 1904 animalium
1248 1847 1313 1904 tra·

125 1945 264 2020 1ῡιὶιιιιι,
291 1944 366 2009 dum
388 1943 549 2009 hostiliter
570 1945 793 2029 concupitum,
824 1966 917 2028 quem
948 1945 979 2008 vi
1001 1948 1034 2010 et
1056 1950 1125 2010 arte
1147 1945 1312 2028 praevenit,

163 2049 240 2112 hinc
262 2049 366 2114 caudae
396 2049 540 2132 potentia
569 2049 687 2114 irretiti
718 2049 807 2134 pedis
834 2051 1005 2114 auferendo
1027 2049 1206 2134 refugium,
1238 2049 1313 2114 hinc

163 2154 228 2218 oris
251 2174 357 2216 morsu
381 2153 544 2224 inimicum
557 2155 725 2237 quaerendo
748 2155 996 2220 instrumentum
1012 2155 1144 2233 aridius,
1162 2154 1312 2238 elephan-

163 2259 206 2322 tis
228 2258 413 2342 sanguinem
436 2257 524 2342 sugit
546 2260 579 2322 ct
602 2257 714 2342 plenus
738 2280 771 2322 se
794 2259 922 2343 perimit
943 2263 977 2324 et
993 2279 1056 2324 non
1071 2262 1138 2322 tam
1150 2259 1308 2341 jucundus

164 2363 247 2426 bibit
270 2384 364 2445 quam
388 2361 551 2427 dolorosus
573 2383 607 2427 se
622 2352 793 2446 extinguit.
839 2363 955 2427 Totum
979 2363 1063 2426 enim
1089 2363 1173 2446 quod
1188 2365 1313 2447 rapitur

124 2467 285 2550 arreptori
316 2473 364 2530 est
392 2467 488 2530 virus.
542 2465 595 2532 An
618 2467 794 2551 ignorasti,
828 2467 911 2552 quod
934 2489 1046 2532 avarus
1077 2471 1203 2551 raptor,
1238 2469 1313 2532 dum

164 2573 284 2655 lupinis
308 2572 455 2637 dentibus
486 2576 518 2636 et
548 2572 747 2638 cocodrillico
777 2595 884 2639 morsu
914 2575 1051 2638 alienam
1084 2593 1150 2637 rem
1174 2574 1312 2650 devorat,

163 2678 325 2760 propriam
356 2676 494 2753 alienat,
527 2679 631 2740 totum
654 2699 688 2741 se
711 2678 844 2760 dissipat
866 2682 898 2742 et
921 2663 975 2741 ‘cor
998 2681 1119 2756 vastat,
1151 2679 1311 2762 quoniam,

163 2782 245 2846 male
273 2781 356 2864 quod
378 2786 569 2867 congregat,
603 2783 785 2866 raptoribus
808 2791 910 2867 parat.
954 2779 1039 2846 Nam
1062 2781 1226 2848 Chaldaeus
1249 2783 1309 2846 As-

162 2886 293 2972 syrium,
320 2885 412 2950 Persa
427 2883 617 2962 Obaldaeum,
641 2886 769 2952 Persam
787 2886 923 2965 Graecus,
947 2889 1126 2972 praedonem
1143 2887 1256 2970 praedo,
1281 2891 1313 2950 et

123 3013 148 3050 2⁵
162 2993 207 3058 sio
230 2993 387 3077 exspoliat
410 2992 554 3057 Graecum
576 2991 750 3059 Romanus.
797 2993 926 3058 Gaudeo
948 2994 1059 3078 igitur,
1087 2995 1169 3076 quod
1192 2992 1312 3056 nullius

162 3099 350 3182 sanguinem
373 3119 463 3182 sugo,
486 3099 550 3162 imo
572 3099 772 3182 providentia
794 3121 878 3177 curo,
908 3099 1076 3184 diligentia
1098 3121 1222 3181 quaero,
1243 3098 1311 3182 jus·

162 3202 236 3266 titia
249 3222 418 3286 congrego,
442 3201 600 3286 sapientia
615 3223 715 3266 servo.
762 3202 895 3281 Quibus,
919 3202 1038 3266 nullius
1054 3202 1170 3285 praedo,
1195 3203 1312 3268 laboris

159 3307 239 3390 justi
269 3306 392 3372 meritis
425 3306 506 3370 vivo.
561 3307 631 3383 Quo
665 3306 750 3372 dicto
784 3306 980 3392 sanguisuga
1011 3307 1107 3372 simul
1140 3328 1211 3371 oum
1246 3307 1313 3372 vita

162 3433 302 3477 cruorem
325 3415 452 3495 raptum
476 3410 624 3476 evomuit.

123 3619 320 3684 ³⁰Gontra
352 3643 436 3701 eos,
471 3623 544 3706 qui
577 3623 773 3686 laborare
811 3623 961 3688 nolunt
994 3627 1033 3688 et
1067 3622 1110 3685 de
1144 3619 1313 3703 rapinis

560 3728 703 3793 vivere
726 3729 912 3793 student.

449 3901 505 3966 De
528 3923 605 3985 ape
627 3905 665 3967 et
688 3924 858 3978 aranea,
883 3925 949 3985 cap.
977 3907 1026 3965 15.

249 4039 305 4106 Sui
328 4041 445 4106 laboris
469 4041 508 4106 ad
532 4041 674 4108 studium
697 4043 750 4125 api
773 4043 938 4126 pergenti,
973 4046 1041 4106 arte
1063 4047 1174 4106 texens
1198 4061 1314 4105 aranea

162 4166 226 4208 suae
257 4143 377 4210 fraudis
401 4146 606 4224 retiaculum,
645 4169 716 4212 oum
747 4168 852 4234 coram
890 4168 924 4212 se
961 4147 1018 4212 illa
1056 4147 1216 4226 transiret,
1240 4166 1313 4210 mox

122 4265 148 4306 εὑ
163 4247 283 4332 inquit:
321 4270 383 4333 quo
417 4250 563 4334 quidem,
602 4245 733 4335 querula
755 4255 960 4334 tempestate,
998 4257 1064 4316 tam
1103 4250 1219 4334 quistis
1253 4250 1313 4316 im·

160 4353 295 4436 paticus,
320 4357 389 4422 tota
412 4354 462 4422 die
485 4376 566 4440 vaga
588 4356 689 4424 curris
712 4359 744 4422 et
766 4355 902 4422 circuis?
925 4353 982 4424 Oui
1011 4355 1067 4422 illa
1090 4355 1217 4424 virtutis
1240 4375 1311 4426 eua-
