3172 4958
856 323 897 384 42

304 515 499 578 quamquam
512 497 596 558 certe
610 485 788 579 figuraliter
802 493 926 559 homini
941 493 984 558 sis
999 491 1181 572 conformis,
1205 495 1277 578 plus
1292 491 1458 570 omnibus,

301 605 418 677 tamen,
435 599 510 682 quia
525 599 591 662 haee
602 598 778 663 similitudo
793 598 826 662 in
840 603 871 664 te
886 599 1087 682 pervertitur,
1103 598 1178 663 hinc
1193 603 1248 662 tua
1263 598 1368 662 forma
1382 596 1458 662 fore

301 703 473 767 deformior
489 703 659 767 invenitur.
691 701 772 778 Quid
796 704 881 767 enim
903 703 1054 768 bertina¹
1079 702 1158 767 facie
1180 703 1315 787 turpius,
1339 702 1460 786 planta

300 807 437 892 digitata
451 807 639 884 deformius,
663 807 816 891 nudisque
832 807 960 872 natibus
983 807 1105 886 foedius,
1131 807 1193 872 nisi
1215 806 1299 872 forte
1315 807 1456 872 caudato

274 931 423 996 aparone
445 934 508 976 non
531 911 700 977 condatum
722 915 755 975 te
769 912 887 996 judices
910 911 1132 994 pulchriorem.
1161 911 1342 978 Monstrum
1357 933 1456 975 nam·

300 1038 361 1100 que
391 1017 512 1081 foedum.
537 1021 585 1081 est
607 1038 640 1080 se
667 1017 814 1100 cuiquam
838 1038 982 1100 perverse
1003 1017 1202 1082 assimilasse.
1240 1015 1291 1082 An
1319 1017 1455 1102 ignom

299 1123 381 1206 quod
394 1121 578 1206 superbiens
590 1122 721 1206 spiritus
736 1125 828 1186 tantu
840 1123 943 1207 magis
958 1122 1081 1205 turpior
1097 1121 1226 1206 Deoque
1241 1121 1428 1187 dissimilior
1440 1119 1453 1156 ²

299 1227 449 1305 cernitur,
473 1223 593 1312 quanto
616 1227 752 1312 amplius
776 1229 979 1313 aequipollere
1001 1228 1051 1293 illi
1068 1230 1204 1294 distorta
1218 1227 1455 1314 imaginatione

299 1331 439 1397 molitur.
486 1330 569 1394 Nam
600 1353 670 1415 quae
694 1333 726 1396 in
751 1333 869 1397 mundo
887 1335 988 1417 major
1011 1339 1059 1398 est
1088 1333 1330 1400 monstruositas
1353 1353 1453 1416 quam

261 1454 286 1491 1⁰
300 1457 371 1500 cum
404 1436 538 1500 infinitae
565 1436 780 1520 magnitudini
812 1437 861 1500 vel
893 1439 967 1502 vitae
999 1461 1100 1518 mors,
1133 1437 1372 1522 omnipotentie
1396 1436 1452 1500 in·

299 1540 445 1616 firmitas,
469 1540 578 1624 gloriae
602 1540 737 1618 miseria,
759 1541 888 1606 veritati
911 1541 1059 1620 stultitia,
1082 1543 1147 1607 luci
1169 1542 1301 1606 tenebra
1323 1563 1359 1606 ac
1381 1537 1453 1606 Deo

299 1666 357 1711 suo
380 1645 575 1729 equiparare
598 1667 631 1709 se
653 1646 773 1731 satagit
797 1650 963 1712 creatura?
997 1647 1129 1712 Verum·
1146 1651 1314 1732 postquam
1336 1649 1369 1711 te
1390 1645 1453 1710 bo-

298 1750 380 1813 mini
397 1749 591 1834 aequiparare
607 1751 735 1835 satagis,
759 1751 825 1835 ejus
847 1751 987 1834 sequaris
1009 1751 1144 1836 vestigia
1165 1755 1197 1816 et
1212 1751 1395 1817 obedienter
1416 1753 1454 1814 te

302 1876 367 1918 suae
390 1855 549 1919 voluntati
572 1855 743 1920 conforma.
790 1855 842 1920 Sic
864 1857 946 1921 enim
971 1857 1114 1941 placente
1136 1860 1169 1922 te
1191 1857 1240 1921 illi
1263 1878 1329 1921 non
1343 1855 1450 1920 solnm

262 1974 287 2014 ιι
301 1956 336 2021 in
352 1959 539 2023 alimentum
555 1959 674 2024 tribuat
689 1960 802 2038 dulcia,
815 1983 922 2026 verum
935 1965 967 2026 et
977 1961 1115 2046 jocunda
1123 1964 1209 2026 reste
1225 1960 1452 2044 foedicorporis

299 2063 420 2146 operiet
442 2063 633 2149 pudibunda.
680 2063 801 2140 Quibus
825 2065 943 2130 auditis
965 2087 1051 2151 aegra
1073 2065 1113 2130 ad
1134 2065 1290 2130 medicum
1311 2064 1380 2129 ivit.

488 2273 642 2339 Contra
664 2273 899 2358 appetitum
922 2273 1267 2358 singularitatis.

591 2446 647 2511 De
669 2469 840 2531 passere
863 2453 900 2513 et
923 2470 1016 2533 ape,
1041 2470 1107 2532 cap.
1134 2452 1162 2512 7.

388 2586 550 2651 Passerem
580 2585 758 2650 solitarium
788 2587 953 2652 inveniens
981 2587 1049 2669 apis
1073 2587 1234 2670 proposita
1257 2585 1450 2651 salutatione

260 2710 286 2749 rc
300 2711 373 2754 mox
396 2690 492 2754 dixit:
516 2694 553 2753 ut
575 2689 650 2773 quid
672 2692 718 2767 tu,
742 2688 842 2756 frater
864 2690 918 2764 mi,
942 2711 1082 2756 amaram
1105 2691 1310 2755 solitudinem
1328 2689 1448 2774 diligis,

299 2818 370 2861 enm
394 2797 494 2859 amica
514 2794 647 2858 societas
670 2795 714 2859 sit
728 2797 796 2858 tam
811 2796 933 2860 dulcis?
963 2794 1008 2860 At
1023 2795 1078 2859 ille
1093 2796 1271 2879 respondit:
1296 2796 1448 2860 nimirum

299 2901 430 2964 minime
460 2900 563 2982 placet
593 2899 809 2964 multitudinis
839 2899 992 2965 fluctuare
1024 2899 1160 2982 procella
1191 2901 1241 2965 vel
1269 2921 1351 2964 unus
1381 2921 1448 2964 esee

298 3006 338 3070 de
359 3005 462 3070 turba.
508 3004 624 3069 Nonne
647 3005 731 3068 inter
755 3004 856 3068 sidera
885 3004 932 3068 sol
963 3008 1010 3068 est
1040 3026 1122 3068 unus
1153 3008 1187 3068 et
1217 3027 1311 3089 super
1341 3003 1450 3070 omnia

298 3131 381 3175 nnus
403 3109 513 3174 Deus?
538 3111 608 3187 Quo
631 3109 738 3174 audito
761 3131 832 3174 cum
855 3108 1017 3175 subtiliter
1039 3109 1176 3193 prudens
1199 3108 1256 3174 ills
1272 3109 1445 3194 singulari-

258 3233 283 3270 αδ
299 3217 376 3279 tatis
403 3214 582 3298 superbiam
609 3214 676 3297 ejus
703 3217 859 3292 notasset,
891 3214 924 3276 in
955 3235 1082 3278 eausam
1111 3213 1219 3278 taliter
1252 3216 1445 3299 arguendam

297 3321 451 3403 processit
474 3322 706 3404 argumentosa.
754 3317 950 3402 Quamquam
974 3339 1065 3396 unus,
1089 3319 1206 3402 inquit,
1235 3318 1448 3383 essentialiter

297 3427 341 3488 sit
364 3424 466 3502 Deus,
498 3423 654 3508 comparis
682 3423 837 3488 trinitatis
860 3423 1067 3508 hypostaticae
1088 3421 1278 3487 indivisibili
1299 3424 1449 3490 societate

297 3530 422 3614 gaudet.
450 3527 504 3594 Sol
514 3533 618 3593 autem
629 3528 736 3594 lunam
748 3529 911 3595 stellarum
919 3529 1071 3606 infimam,
1081 3551 1120 3594 ne
1132 3529 1176 3594 sit
1184 3529 1279 3607 solus,
1297 3529 1447 3594 sibidono

296 3634 376 3699 lucis
388 3633 510 3698 efficere
524 3635 640 3699 sociam
654 3633 830 3716 splendoris
844 3635 876 3698 in
895 3633 1077 3719 granditate
1086 3638 1229 3700 conatur.
1277 3633 1370 3698 Sicet
1379 3633 1446 3717 pri·

258 3757 285 3796 ³0
299 3761 386 3803 mum
416 3738 532 3802 mobile
554 3759 625 3802 cum
650 3738 692 3802 sit
707 3761 823 3815 unum,
848 3739 1009 3804 allationis
1027 3739 1192 3823 primariae
1217 3738 1447 3804 communicata

298 3843 416 3907 virtute
447 3863 549 3906 secum
582 3842 734 3907 aethereos
766 3842 856 3906 orbes
888 3844 992 3926 rapit,
1028 3865 1067 3906 ne
1099 3843 1142 3907 sit
1172 3843 1300 3928 quidem
1330 3843 1363 3907 in
1391 3865 1447 3908 suo

297 3947 403 4012 officio
415 3949 584 4032 singulare.
621 3948 778 4026 Quoniam
795 3951 843 4012 est
862 3947 1050 4013 universitas
1065 3947 1176 4012 mundi
1192 3951 1270 4026 tcta,
1293 3946 1338 4012 sic
1353 3969 1446 4012 cunc·

297 4058 403 4118 tarum
428 4053 567 4137 partium
588 4053 739 4136 junctura
762 4053 895 4117 unitatis
918 4053 1133 4132 connectitur,
1149 4033 1203 4118 'ut
1226 4053 1316 4118 nulla
1339 4072 1446 4117 earnm

298 4158 520 4242 disjunctionis
552 4157 757 4222 solitudinem
794 4157 952 4222 ullatenus
984 4158 1135 4240 patiatur.
1192 4155 1309 4222 Nonne
1343 4156 1447 4222 anima

864 4277 881 4318 s

370 4382 383 4437 1
403 4380 513 4436 Andere
531 4380 636 4438 bessem
656 4377 791 4439 belluina.
862 4382 879 4437 2
898 4380 1023 4437 Andere:
1041 4381 1099 4437 Deo
1116 4397 1203 4454 quam
1219 4381 1378 4439 msimilior.
