3160 4960
812 235 833 298 8

248 433 319 476 cum
331 410 514 497 ignorantia
529 409 668 473 virtuose
677 409 802 494 agendi.
829 407 1004 474 Prudentia
1015 432 1088 475 vero
1099 413 1208 476 estars
1223 411 1408 496 preclaris-

248 517 329 581 sima
350 521 434 580 recte
456 513 582 578 vivendi
605 535 676 580 cum
698 515 904 598 simplicitate
927 537 997 599 quae
1018 519 1067 580 est
1082 516 1189 582 nescia
1204 539 1403 602 quemquam

248 619 390 685 laedendi.
436 617 551 708 Nonne
573 616 658 682 Dens
681 622 800 682 oeterna
832 619 1002 702 prudentia
1033 621 1173 686 sinistris
1207 623 1322 706 petivit
1358 623 1406 687 ab

246 724 370 810 angelis
393 723 457 788 doli
481 723 613 788 nocendi
635 723 757 787 nescius
779 722 813 786 in
837 745 899 808 quo
922 725 1102 808 deciperent
1124 725 1258 811 dignum
1275 725 1402 810 ,quippe

221 830 429 913 adeceptione
445 828 578 912 impium
595 827 727 892 Achab?
772 827 815 891 Et
830 815 960 912 propter
975 829 1035 894 hoc
1057 852 1094 894 ea
1116 851 1186 914 quas
1211 830 1307 896 nimis
1322 853 1403 914 pro-

246 935 318 998 vide
348 954 432 997 nunc
463 930 609 1009 famatis,
642 933 785 996 nocentis
809 932 994 999 calliditatis
1017 939 1086 999 arta
1108 939 1231 1000 armata
1255 936 1399 1002 malitio-

247 1041 330 1105 siora
352 1038 420 1102 fore
442 1038 543 1102 dicam
566 1059 787 1121 necunquam
811 1039 988 1122 prudentia.
1035 1039 1182 1124 Namque
1211 1041 1238 1104 is
1270 1043 1403 1106 tantum

247 1143 385 1228 prudens
408 1146 466 1220 est,
490 1143 545 1225 qui
568 1142 691 1206 ratione
709 1147 792 1207 recte
809 1143 842 1207 in
859 1145 1007 1208 omnibus
1024 1146 1229 1231 gubernatur.
1276 1144 1401 1212 Verum

247 1253 332 1314 recta
354 1247 435 1312 ratio
456 1252 504 1311 est
519 1247 693 1324 rationalis,
718 1269 787 1330 quae
804 1270 895 1312 suum
911 1250 1006 1314 finem
1030 1254 1156 1316 tantum
1180 1255 1217 1314 ut
1240 1251 1403 1333 optimum

208 1375 233 1411 10
247 1352 386 1421 intendit
408 1356 441 1416 et
462 1372 555 1416 omne
578 1352 661 1435 quod
684 1353 817 1437 impedit
840 1354 878 1418 ad
902 1354 988 1419 hunc
1004 1356 1259 1440 consequendum
1273 1357 1399 1440 effugit,

247 1463 396 1524 cunctum
419 1457 503 1540 quod
525 1455 650 1540 expedit
673 1477 766 1541 agere
797 1463 830 1522 et
861 1457 894 1521 in
926 1459 976 1526 his
998 1459 1145 1524 omnibns
1173 1481 1336 1543 quousque
1359 1461 1402 1524 ad

248 1564 339 1628 illum
362 1564 458 1626 finem
482 1561 646 1645 perveniat
668 1561 761 1625 firma
775 1564 956 1630 constantia
972 1570 1146 1648 permanet.
1185 1563 1275 1629 Finis
1290 1567 1415 1628 autem·

249 1674 372 1733 naturae
384 1667 549 1732 rationalis
571 1671 619 1730 est
641 1667 710 1730 sine
733 1669 820 1732 omni
843 1669 927 1732 malo
949 1670 1094 1754 gaudere,
1119 1669 1207 1733 omni
1224 1689 1298 1733 vero
1314 1669 1402 1734 bono

248 1797 319 1839 cum
341 1771 553 1857 perpetuitate
576 1773 755 1836 securitatis
778 1777 809 1836 ct
832 1774 1000 1838 securitate
1022 1773 1166 1839 veritatis
1188 1773 1299 1840 latam
1346 1773 1401 1838 Ad

208 1899 234 1938 1⁵
248 1879 335 1944 hunc
363 1877 589 1961 capessendum
619 1880 732 1940 cuncta
763 1877 991 1961 impedimenta
1020 1884 1096 1944 sunt
1126 1879 1206 1942 vitia
1235 1883 1267 1942 et
1289 1899 1402 1942 omnes

248 1987 436 2068 opportunas
457 1983 591 2046 virtutes
602 1982 730 2065 juvant.
769 1981 836 2058 Quo
853 1983 993 2048 diffinito
1009 1985 1225 2068 unusquisque
1241 1984 1401 2049 sociorum
1465 2003 1471 2014 ·

248 2091 377 2155 secessit
398 2089 432 2152 in
455 2110 521 2160 sua,

248 2316 303 2380 De
326 2316 574 2382 melioribus
597 2321 658 2382 est
682 2318 743 2382 uti
766 2316 1036 2402 providentia
1059 2339 1133 2401 qua
1155 2319 1339 2384 suoloco
1362 2322 1401 2382 et

436 2427 620 2508 tempore
644 2427 793 2488 cuncte
815 2445 982 2507 quaeras
1006 2426 1044 2486 et
1067 2422 1209 2488 facias.

210 2597 234 2635 2⁰
495 2578 552 2644 De
574 2580 723 2645 cicada
746 2584 784 2644 et
806 2579 1001 2658 formica,
1036 2601 1102 2664 cap.
1127 2585 1157 2646 4.

337 2720 374 2784 In
397 2719 519 2785 fervore
542 2722 651 2786 messis
674 2726 806 2786 cantans
830 2727 862 2784 et
886 2721 1049 2804 quiescens
1064 2719 1170 2784 cicada
1185 2739 1256 2782 cum
1269 2719 1401 2784 vidisset

249 2825 447 2889 formiculam
474 2825 576 2889 multo
608 2826 715 2890 labore
739 2847 874 2910 granum
897 2825 963 2888 suis
986 2824 1149 2909 organulis
1172 2823 1398 2903 attrahentem,

249 2930 444 3013 compatiens
466 2931 495 2995 ei
518 2930 608 3010 dixit,
630 2936 667 2996 ut
690 2932 765 3014 quid
790 2933 825 2994 in
848 2936 940 2995 tanto
964 2933 1107 2994 mutuate
1130 2950 1201 2991 cnm
1221 2933 1337 2992 natura
1351 2950 1399 2992 re·

249 3033 466 3120 frigerativam
497 3037 634 3121 quietem
669 3042 700 3100 et
732 3037 945 3101 humectivam
977 3034 1122 3099 umbram
1156 3032 1305 3116 requirat.
1351 3033 1399 3098 Tu

209 3171 235 3208 aa
250 3161 314 3206 non
336 3141 438 3205 solum
462 3141 546 3206 nuda
569 3142 681 3205 circuis
704 3143 864 3205 sustinens
886 3145 1118 3224 tempestatem,
1142 3139 1195 3204 aed
1212 3138 1295 3222 quod
1311 3140 1399 3222 pejus

249 3250 307 3322 est,
335 3247 426 3332 gravi
449 3268 542 3311 onere
565 3251 597 3311 te
620 3246 743 3310 occidis.
790 3245 905 3310 Nonne
928 3245 1023 3322 vides,
1048 3243 1131 3328 quod
1154 3263 1214 3327 ego
1236 3244 1271 3307 in
1287 3244 1399 3308 umbra

247 3351 342 3416 viridi
366 3373 437 3420 cum
456 3351 559 3435 jubilo
582 3350 780 3435 requiescens
802 3351 835 3414 in
860 3349 1044 3414 suffocativo
1070 3349 1120 3412 vix
1150 3351 1240 3413 aestu
1266 3346 1399 3432 refrige-

248 3457 385 3520 rativam
397 3456 498 3520 cordis
508 3456 683 3520 anhelitum
695 3478 804 3539 capere
812 3454 863 3519 vix
871 3455 1024 3538 possum?
1043 3452 1184 3530 Quiesce,
1197 3473 1285 3538 rogo,
1302 3452 1398 3516 donec

249 3561 359 3625 messis
382 3564 524 3624 transeat
545 3561 748 3624 intensivum.
795 3558 852 3623 Cui
875 3581 949 3624 mox
971 3559 1157 3643 improvidae
1177 3557 1310 3642 provida
1334 3556 1397 3620 for·

210 3695 235 3732 ao
249 3665 331 3729 mica
353 3666 483 3748 provide
505 3665 688 3749 respondit:
712 3666 819 3731 omnia
842 3669 967 3749 tempus
992 3665 1112 3729 habent
1146 3668 1178 3728 ct
1201 3661 1267 3726 suis
1290 3662 1382 3746 spet''

249 3774 417 3837 transeunt
439 3772 586 3836 universa
614 3773 673 3835 sub
703 3772 799 3849 coelo,
833 3771 1038 3854 quamobrem
1069 3771 1149 3834 sicut
1182 3789 1314 3852 quaeque
1345 3789 1399 3832 suo

249 3875 318 3939 loco
341 3879 373 3940 ct
395 3879 536 3958 tempore
559 3876 680 3962 agenda
702 3878 786 3954 sunt,
810 3876 857 3939 ita
879 3878 911 3939 ct
933 3874 1131 3958 inquirenda.
1179 3871 1264 3938 Nam
1295 3873 1323 3936 si
1354 3873 1398 3936 rei

250 3985 463 4064 opportunum
489 3986 613 4065 tempus
626 3981 827 4066 negligenter
843 3981 1016 4059 transierit,
1040 4001 1111 4043 cum
1128 3979 1199 4063 quis
1214 3978 1397 4062 indiguerit,

251 4090 359 4168 postea
382 4086 513 4150 minime
535 4087 672 4170 reperit,
694 4107 741 4172 „eo
772 4086 855 4168 quod
878 4085 956 4150 hora
979 4085 1085 4150 debita
1106 4085 1168 4148 sibi
1192 4083 1397 4148 necessarium

211 4221 236 4257 a
250 4211 314 4254 non
339 4192 493 4275 quaesivit.
539 4191 591 4256 Sic
613 4213 706 4277 ergo,
742 4191 921 4268 carissima,
956 4190 1004 4254 uti
1034 4188 1241 4273 providentiae
1270 4209 1398 4253 summae

250 4315 328 4377 opus
351 4300 398 4359 est
420 4297 530 4375 nobie,
565 4320 627 4382 qua
649 4299 722 4362 vitae
745 4297 872 4382 quidem
894 4297 1075 4381 adjumenta
1097 4317 1134 4360 ac
1155 4294 1319 4360 commoda
1341 4293 1395 4359 illo
