3044 4952
843 295 886 361 44

287 469 388 561 tinuit
410 470 534 536 animos
556 471 691 546 nostros,
715 467 846 554 impulit
863 489 926 532 nos
948 472 980 534 et
996 469 1152 552 pertraxit
1167 468 1201 534 in
1217 487 1453 552 quamcunque

283 575 387 640 voluit
417 579 555 658 partem;
589 573 739 658 quicquid
771 573 800 639 ei
831 573 931 639 suasit
953 574 1003 640 vel
1026 572 1169 662 alvaritia
1190 575 1240 639 vel
1263 574 1364 640 fastos
1392 575 1452 640 vel

285 679 470 744 dominandi
493 678 649 762 cupiditas
673 678 722 742 vel
744 677 842 742 etiam
856 675 1040 743 ludificandi
1055 683 1088 744 et
1105 678 1267 744 deridendi
1282 681 1447 758 studium,

284 806 351 850 non
374 782 534 849 dubitavit
565 782 596 846 id
620 782 725 866 ipsum
749 803 926 866 proponere
948 782 1040 848 nobis
1063 788 1095 848 et
1117 783 1267 850 mandare
1289 786 1378 850 velut
1404 805 1449 850 ex

285 887 355 974 ipso
387 887 600 972 apostolorum
630 889 743 951 senatu
777 886 964 970 profectum.
1019 885 1132 972 Neque
1165 910 1239 954 vero
1269 891 1450 954 contentus

288 997 354 1060 tam
378 992 490 1058 acerbo
512 997 545 1057 et
566 995 696 1056 cruento
720 992 812 1070 ludo,
846 991 1014 1058 facultates
1037 1013 1073 1058 ac
1095 1014 1170 1078 opas
1192 996 1318 1058 nostras
1340 993 1449 1059 etiam

287 1097 428 1183 deripuit
448 1102 482 1162 et
510 1095 676 1174 exhausit,
710 1118 781 1161 cum
813 1099 920 1162 tamen
953 1097 1083 1162 interim
1116 1098 1199 1163 nihil
1230 1120 1337 1163 eorum
1370 1099 1449 1183 ipse

286 1204 445 1280 crederet,
470 1221 539 1286 quse
561 1201 653 1266 nobis
677 1201 831 1267 credenda
852 1222 917 1266 non
940 1201 1046 1266 minus
1070 1223 1164 1287 quarn
1189 1199 1307 1266 Christi
1330 1223 1448 1268 vocem

287 1329 324 1372 ac
346 1306 502 1390 evangelii
525 1306 702 1371 doctrinam
730 1306 954 1392 precipiebat,
989 1329 1059 1391 quae
1088 1307 1180 1372 nobis
1210 1311 1301 1372 tento
1334 1307 1447 1392 pretio

286 1412 451 1492 vendebat,
475 1411 571 1476 toties
593 1414 626 1476 et
651 1414 742 1477 tenta
764 1412 986 1478 ostentatione.
1024 1411 1064 1477 In
1087 1434 1185 1498 eaque
1208 1412 1447 1477 nundinatione

286 1517 436 1582 utebatur
458 1515 631 1600 aptissimis
653 1517 800 1602 organis,
823 1517 1006 1583 hominibus
1029 1518 1183 1596 indoctis,
1206 1517 1357 1602 impuris,
1380 1517 1445 1582 fla-

288 1621 423 1708 gitiosis,
446 1619 624 1700 lenonibus,
648 1622 739 1700 cocis,
763 1619 969 1700 mulionibus,
992 1621 1137 1700 cinaedis,
1162 1621 1384 1700 histrionibus,
1407 1627 1445 1688 et

854 1743 872 1782 ᾗ

289 1831 383 1896 tudo:
409 1830 431 1895 il
464 1851 542 1895 nous
572 1851 744 1916 apouasez
767 1834 800 1895 et
826 1831 947 1897 trainez
980 1833 1017 1896 de
1051 1831 1082 1896 la
1116 1835 1190 1918 part
1223 1831 1301 1916 qu'il
1330 1831 1388 1916 luy
1423 1852 1445 1896 a

288 1933 371 2020 pleu.
413 1934 442 2000 Il
469 1933 521 2000 n’a
545 1933 607 2000 fait
629 1935 723 2000 doute
751 1935 789 2000 de
815 1937 1016 2003 commender
1040 1959 1074 2001 oe
1106 1959 1167 2021 qne
1198 1935 1363 2014 l’avarice,
1398 1957 1442 2000 ou

289 2041 453 2128 l'orgueil,
484 2064 525 2108 ou
556 2041 589 2106 la
617 2041 791 2107 oonvoitise
820 2043 858 2107 dc
888 2042 1046 2122 dominer,
1077 2063 1117 2106 ou
1146 2063 1263 2105 mesme
1293 2041 1445 2124 l'appetit

291 2146 329 2210 de
351 2168 385 2211 se
395 2147 486 2230 jouer
501 2149 534 2210 et
549 2167 680 2229 moquer
705 2147 761 2232 luy
783 2146 869 2211 avoit
892 2146 952 2210 mis
974 2168 1013 2210 en
1035 2147 1068 2210 la
1089 2145 1243 2223 dantesie,
1270 2167 1393 2210 comme
1416 2146 1445 2209 ei

289 2250 356 2314 cela
371 2251 480 2315 venoit
494 2249 536 2314 du
548 2247 639 2314 sen'at
653 2250 706 2314 dea
724 2249 885 2334 Apostres.
916 2249 990 2315 Non
1006 2253 1136 2315 content
1153 2251 1228 2315 d'un
1240 2250 1293 2333 jeu
1310 2251 1337 2313 si
1359 2249 1442 2313 mal·

292 2354 431 2438 plaisant
453 2359 485 2419 et
508 2354 603 2433 cruel,
628 2352 652 2419 il
674 2376 693 2418 a
714 2354 790 2439 pillc
813 2357 845 2419 et
867 2355 1015 2419 consume
1036 2376 1095 2420 noa
1117 2354 1216 2434 biens,
1239 2377 1280 2420 ne
1307 2357 1444 2440 croyant

291 2458 359 2524 rien
383 2459 559 2542 dependant
583 2457 620 2522 de
642 2479 676 2522 ce
710 2457 789 2541 qu'il
812 2479 851 2522 en
885 2456 1051 2544 chargeoit
1079 2458 1117 2524 de
1144 2461 1243 2526 croire
1265 2463 1336 2526 tout
1358 2461 1444 2524 ainsi

293 2586 354 2650 que
375 2564 406 2628 la
428 2563 501 2628 noir
528 2562 566 2627 de
586 2561 694 2628 Christ
710 2565 743 2626 et
765 2559 797 2626 ln
821 2561 963 2626 doctrino
986 2562 1023 2626 de
1042 2561 1235 2650 l'Erangile,
1260 2565 1337 2649 qu’il
1361 2585 1444 2629 noue

290 2669 419 2734 vendoit
450 2669 477 2731 ai
507 2667 598 2746 cher,
630 2668 657 2732 si
691 2669 823 2732 souvent
857 2671 890 2732 et
919 2689 1069 2752 avecques
1102 2669 1130 2733 si
1160 2669 1280 2754 grande
1315 2669 1442 2754 parade.

291 2773 377 2840 Pour
398 2773 473 2840 telle
502 2774 611 2838 sienne
641 2773 790 2858 traffique
820 2772 844 2836 il
875 2771 962 2838 aroit
990 2773 1043 2838 das
1065 2795 1143 2859 gens
1165 2773 1203 2839 de
1226 2795 1352 2853 mesine,
1390 2797 1442 2838 asn

856 2893 873 2932 ss

292 2985 413 3050 serable
443 2984 667 3061 servidumhre,
692 3004 912 3066 rempuxonos,
934 3004 956 3067 y
982 2981 1025 3047 ha
1044 3004 1102 3048 nor
1122 2983 1235 3068 traydo
1259 2987 1439 3050 arrostran-

291 3091 331 3154 do
354 3111 413 3174 por
435 3089 601 3174 qualquier
628 3093 718 3172 parte
742 3109 803 3171 que
826 3087 868 3153 ha
890 3087 1030 3172 querido.
1077 3088 1250 3173 Qualquior
1278 3110 1350 3154 cosa
1380 3110 1442 3173 que

290 3194 319 3260 le
348 3195 532 3278 aoonsejava
563 3215 599 3258 su
631 3192 784 3270 avaricia,
815 3189 1019 3271 osoberria,¹
1048 3211 1066 3256 o
1099 3191 1131 3256 la
1160 3193 1302 3258 cobdicia
1330 3194 1368 3258 de
1391 3215 1440 3258 se-

290 3307 413 3379 fiorear,
436 3321 458 3384 y
480 3322 499 3364 a
522 3321 565 3362 un
592 3297 733 3362 tambien
759 3297 788 3362 el
811 3297 917 3362 deesse
946 3297 983 3361 de
1006 3296 1148 3361 burlarse
1169 3321 1192 3382 y
1222 3297 1316 3361 hazer
1337 3319 1442 3362 escar-

289 3404 344 3468 nio
367 3404 405 3468 de
430 3407 596 3480 nosotros,
619 3403 765 3488 ninguna
791 3403 890 3468 dellas
907 3403 990 3467 dudo
1013 3403 1051 3467 de
1073 3423 1131 3467 nos
1153 3403 1185 3468 la
1207 3425 1386 3488 proponer,
1420 3425 1443 3488 y

289 3507 440 3586 mandat,
463 3529 552 3572 como
574 3529 646 3573 cosa
668 3507 769 3572 salida
791 3507 840 3572 del
863 3507 975 3592 propio
1001 3505 1198 3572 Consistorio
1220 3508 1258 3573 de
1280 3508 1328 3572 los
1352 3506 1443 3592 Apo·

290 3617 395 3681 stolas.
443 3611 474 3676 Y
490 3635 553 3678 aun
568 3634 611 3676 no
627 3615 776 3677 contento
791 3634 849 3678 con
874 3615 941 3676 esta
965 3616 1022 3677 tan
1037 3611 1195 3678 horrenda
1209 3637 1231 3698 y
1247 3635 1443 3698 cnsangren·

289 3719 364 3786 tado
394 3717 552 3805 esgrima,
586 3738 701 3801 saqueo
734 3739 791 3782 nos
821 3717 943 3803 yrobo
966 3738 1024 3781 nos
1052 3716 1193 3782 tamhieu
1217 3722 1360 3782 nuestras
1383 3717 1443 3782 ha·

289 3822 414 3888 ziendas
436 3823 486 3888 ein
510 3823 606 3890 denar
628 3823 711 3888 noda
733 3823 842 3900 dellas,
866 3845 907 3888 uo
929 3823 1084 3908 creyendo
1101 3823 1130 3887 el
1158 3842 1276 3886 mesmo
1299 3823 1382 3887 noda
1404 3822 1443 3888 de

289 3928 431 4012 aquellas
462 3950 566 4007 cosas,
598 3950 659 4013 que
691 3949 749 3993 nos
781 3927 938 3993 maudava
972 3949 1076 4006 craer,
1109 3949 1151 3991 no
1184 3948 1293 3991 menos
1325 3948 1386 4011 que
1413 3928 1442 3992 si

290 4033 402 4098 fueran
433 4033 580 4117 palabras
612 4034 650 4098 de
674 4032 844 4117 Christoy
872 4031 1017 4098 doctriua
1040 4031 1089 4096 del
1113 4031 1304 4117 Evangelio,
1337 4053 1442 4116 ynos

289 4135 336 4201 las
361 4137 474 4203 vandio
496 4142 552 4204 tan
578 4158 677 4218 saraa
701 4139 845 4222 ytantas
868 4157 956 4201 renes
977 4158 999 4219 y
1023 4157 1083 4200 con
1103 4139 1194 4200 tanto
1220 4133 1380 4220 apara[to]
1395 4132 1441 4219 ¹y

362 4380 375 4436 1
396 4382 515 4451 sperato
536 4379 612 4436 1857.
632 4383 719 4438 1559:
737 4397 846 4452 apara.
