3074 4952
717 389 779 452 227

164 560 251 642 quod
267 561 355 640 dico,
381 566 413 626 et
436 565 594 644 optarem,
613 561 685 645 jure
708 583 757 626 me
773 583 865 647 posse
883 563 1039 628 mendacii
1054 563 1243 644 insimulari,
1268 567 1320 631 sed

166 667 310 750 profecto
332 668 380 732 eie
403 667 551 752 plerique
571 667 691 746 vivunt,
715 671 752 732 ut
773 669 915 752 ipsorum
939 670 1078 734 actiones
1101 675 1195 754 atque
1219 692 1322 735 morea

167 772 377 855 comprobare
400 771 580 850 videantur,
604 770 686 854 quod
709 772 786 836 dico.
833 771 901 836 Aut
923 774 950 837 si
973 774 1016 838 sit
1038 773 1140 852 Deus,
1165 779 1197 842 et
1219 775 1321 840 nostri

167 897 275 942 curam
297 881 400 962 gerat,
425 897 559 963 quaeque
581 876 646 940 sint
668 875 834 941 hominum
856 877 941 942 facte
964 878 1122 962 dijudicet,
1147 886 1231 946 certe
1254 903 1321 945 cre-

168 979 261 1060 dunt,
283 981 380 1047 facile
402 981 510 1066 ipsum
532 1002 620 1064 posse
642 980 763 1064 placari
785 983 943 1047 consuetis
967 983 1137 1050 sacrificiis.

256 1085 370 1169 Atqui,
394 1086 455 1150 sub
478 1085 580 1170 specie
603 1086 855 1171 religionis'non
879 1087 971 1152 modo
994 1109 1133 1153 summes
1152 1089 1321 1174 acquisivit
1352 1117 1361 1129 ·

168 1211 245 1276 opes
260 1190 425 1256 Romanus
439 1195 607 1276 tyrannus,
630 1192 837 1256 verumetiam
859 1192 935 1256 adeo
950 1191 1053 1258 factus
1070 1197 1118 1258 est
1133 1193 1320 1258 ambitiosus

168 1299 202 1360 et
223 1293 324 1373 ferox,
347 1300 385 1361 ut
407 1295 547 1360 vicinum
570 1294 695 1360 nullum
717 1295 799 1362 ferre
821 1297 922 1380 possit
943 1302 1106 1382 potentem
1135 1298 1320 1382 principem.

167 1397 262 1464 Solus
284 1399 370 1464 enim
396 1399 466 1464 vult
488 1401 654 1479 dominari,
677 1421 779 1484 neque
802 1422 918 1465 novum
941 1409 1005 1481 est,
1028 1403 1135 1468 videre
1157 1406 1322 1488 magnates

166 1503 210 1568 ah
240 1503 312 1589 ipso
344 1505 437 1570 elisos
472 1509 503 1570 et
534 1504 727 1592 profligatos.
774 1503 846 1570 Huc
879 1507 1050 1590 aliquando
1084 1512 1267 1593 spectarunt
1289 1513 1321 1572 et

168 1607 233 1674 leo
255 1609 398 1674 decimus
421 1612 454 1673 et
476 1607 638 1686 Clemens,
666 1611 761 1693 atque
782 1609 835 1674 hic
859 1611 1001 1694 quidem,
1035 1633 1105 1677 cum
1128 1618 1160 1677 te
1182 1616 1320 1697 cuperet,

168 1712 286 1793 Oeam,
309 1714 398 1779 omui
421 1713 558 1799 spoliare
580 1712 683 1795 ltalia,
708 1713 878 1800 diligenter
893 1717 976 1781 eavit
992 1717 1026 1780 in
1042 1739 1087 1796 eo,
1112 1719 1195 1804 quod
1210 1722 1322 1784 contra

167 1822 203 1883 te
224 1819 381 1903 suscepit,
410 1816 543 1897 fmdere,
567 1821 604 1882 ut
625 1818 722 1882 etiam
745 1817 772 1882 si
794 1818 928 1884 fortasse
951 1821 1123 1906 acciperes,
1155 1843 1232 1906 quas
1256 1823 1323 1907 ipse

168 1943 243 1988 cum
266 1923 333 1988 suis
348 1923 511 1988 federatis
527 1927 622 2007 atque
638 1922 730 1988 sociis
746 1922 806 1986 tibi
822 1924 995 2007 proposuit,
1018 1927 1104 2008 pacis
1120 1927 1320 1992 condiciones

169 2028 358 2106 acerrimas,
393 2049 434 2092 ne
463 2033 568 2092 tamen
592 2027 626 2090 in
649 2025 777 2091 Italiam
801 2026 865 2090 ullo
888 2031 1029 2112 tempore
1052 2032 1226 2110 accederes,
1258 2031 1322 2096 nisi

168 2153 243 2198 cum
266 2135 360 2196 tanta
381 2131 521 2196 militum
546 2153 653 2209 manu,
677 2133 830 2213 quantam
849 2131 917 2214 ipae
933 2131 1027 2197 vellet
1042 2155 1079 2198 ao
1092 2137 1320 2218 praescriberet.

171 2237 327 2314 Quaenam
348 2235 415 2302 haec
437 2241 530 2302 tenta
550 2240 599 2300 est
622 2234 681 2318 [V]
705 2235 859 2302 andacia?
903 2235 935 2302 N
938 2259 990 2302 um
1013 2237 1175 2304 Romanus
1200 2241 1320 2325 episco-

171 2362 244 2424 pus,
266 2343 425 2426 quondam
449 2341 553 2406 tenuis
576 2349 608 2408 et
630 2341 854 2426 pauperculus,
886 2341 1043 2407 (laesarum
1074 2344 1186 2410 deinde
1216 2345 1322 2409 muni-

174 2444 301 2511 flcentie
322 2446 545 2531 locupletatus,
568 2445 706 2510 excludit
720 2443 866 2524 Caesares,
890 2450 985 2530 atque
1008 2447 1097 2512 aditu
1118 2448 1266 2532 prohibet
1281 2450 1321 2514 ab

169 2548 276 2628 Italia,
300 2552 405 2636 prisco
429 2553 462 2614 et
484 2571 555 2615 vere
573 2550 682 2614 nativo
698 2548 856 2614 Oaesarum
872 2551 1088 2633 patrimonio?
1119 2552 1322 2637 Deplorenda

168 2653 299 2742 quidem
322 2660 399 2721 sunt
421 2655 497 2733 ista,
520 2654 573 2719 sed
597 2658 702 2718 tamen
726 2653 807 2718 alius
831 2659 880 2719 est
902 2653 996 2720 hodie
1019 2677 1124 2721 rerum
1139 2660 1252 2735 status,
1277 2658 1323 2722 ita

167 2761 296 2826 volente
319 2759 396 2838 Deo,
420 2759 508 2843 cnjus
529 2758 716 2844 investigari
737 2757 870 2823 consilia
892 2780 957 2823 non
980 2764 1121 2843 possunt.
1154 2761 1197 2826 ut
1219 2784 1321 2847 quan-

167 2887 266 2950 quam
288 2865 323 2928 in
345 2864 406 2929 hac
428 2867 497 2929 tota
518 2885 612 2929 causa
633 2867 700 2927 tam
723 2863 777 2949 pia
800 2867 928 2948 temque
951 2865 1126 2930 necessarie
1141 2868 1263 2933 nnllam
1279 2871 1320 2946 te,

167 2967 294 3048 Oaesar,
318 2972 445 3054 oportet
467 2967 622 3033 rationem
645 2967 760 3033 habere
782 2967 879 3034 ullius
903 2969 951 3033 vel
974 2969 1180 3036 emolumenti
1203 2972 1252 3036 vel
1275 2971 1321 3036 rei

739 3089 757 3126 *lt

171 3178 257 3244 sihet
280 3179 326 3242 im
348 3177 414 3244 fast
436 3173 572 3242 ehnlieh.
619 3174 703 3240 Oder
731 3177 805 3241 aber
836 3197 871 3240 so
902 3177 953 3242 ein
977 3177 1040 3243 Got
1061 3179 1124 3258 ist,
1159 3180 1225 3244 und
1254 3179 1322 3245 sich

168 3284 265 3350 deren
287 3283 469 3360 menschen,
492 3281 571 3347 auch
592 3282 654 3346 ires
669 3281 767 3346 thuus
782 3281 940 3365 annimpt,
965 3282 1138 3368 gedencket
1152 3305 1195 3364 er,
1215 3285 1250 3369 ja
1265 3284 1323 3349 ists

168 3411 227 3475 gar
249 3387 367 3475 gewis,
398 3407 432 3451 er
461 3381 548 3451 kdnd
577 3385 611 3449 in
635 3384 696 3449 mit
718 3387 826 3449 seiuen
849 3385 1067 3470 gendulichen
1090 3387 1232 3452 wercken
1257 3389 1322 3453 und

170 3495 311 3578 opfferen
334 3498 510 3571 versdnen,
544 3491 591 3555 als
619 3490 675 3554 der
702 3488 753 3554 nit
783 3511 818 3554 so
840 3509 988 3574 graneam
1012 3491 1074 3569 ist,
1111 3493 1169 3556 wie
1191 3515 1265 3558 man
1288 3494 1321 3558 in

171 3598 306 3664 machet.

172 3703 213 3768 Ja
234 3704 335 3770 under
357 3705 428 3768 dem
452 3701 560 3767 schein
584 3700 639 3765 der
660 3699 891 3786 gerechtigkeit
923 3700 981 3766 hat
1009 3722 1043 3764 er
1073 3702 1123 3766 nit
1152 3702 1248 3766 allein
1273 3704 1324 3768 die

171 3813 286 3894 gentas
307 3808 384 3874 welt
405 3829 447 3872 an
471 3805 539 3870 sich
559 3805 743 3891 gehenchet,
767 3806 881 3870 sonder
904 3805 985 3870 euch
1008 3805 1079 3890 [54]
1104 3807 1147 3871 iet
1170 3807 1235 3872 also
1252 3829 1322 3872 ver·

170 3913 280 3980 wehnt
300 3913 365 3978 und
389 3911 563 3996 mhtwillig
580 3909 717 3987 worden,
740 3911 796 3976 das
811 3932 845 3976 er
861 3911 911 3974 nit
926 3931 1004 3995 geru
1021 3911 1112 3974 einen
1130 3910 1321 3996 gewaltigen

169 4019 267 4085 herm
290 4041 361 4084 zum
384 4017 550 4082 naehbarn
572 4015 636 4080 hat.
685 4015 777 4080 Denn
806 4038 839 4080 er
863 4016 932 4080 wils
954 4037 1012 4102 gar
1035 4013 1099 4078 und
1123 4015 1219 4080 ellein
1243 4017 1321 4096 sein,

167 4125 229 4190 wie
250 4145 325 4190 man
348 4123 409 4190 offt
432 4122 585 4208 geschen,
616 4121 671 4186 das
703 4143 735 4186 er
758 4123 912 4187 manchon
935 4121 992 4186 hat
1013 4119 1130 4185 helffen
1153 4119 1321 4186 aueheben.

168 4227 212 4294 Fa
234 4229 292 4293 het
313 4228 358 4292 im
382 4227 459 4292 aber
482 4225 622 4292 dennoch
645 4226 694 4289 dis
715 4226 780 4290 mal
802 4225 938 4310 gefelet,
973 4225 1032 4289 wie
1054 4225 1138 4289 daun
1163 4224 1240 4289 Gott
1262 4227 1323 4290 alle

168 4333 248 4420 ding
272 4333 456 4398 heschicket
478 4331 544 4395 und
566 4330 742 4394 verordnet.
789 4330 861 4396 Und
893 4330 1014 4394 wiewol
1037 4327 1072 4392 E.
1098 4329 1142 4402 M,
1165 4330 1198 4392 in
1223 4329 1322 4394 disem

169 4435 535 4512 Christlicheuhandel,
559 4434 597 4498 da
619 4433 674 4498 der
695 4434 769 4499 welt
791 4433 856 4499 heil
878 4434 943 4498 und
962 4433 1041 4498 aller
1057 4433 1227 4496 menschen
1244 4432 1321 4496 wol-

1053 4535 1085 4590 15
1099 4535 1114 4568 *
