3172 4958
850 331 893 395 96

298 503 380 566 ratio
410 502 550 566 liberalis
585 501 765 566 donationis
795 522 945 585 possessae
972 501 1096 566 bonitas
1118 503 1171 566 est
1188 502 1327 568 virtutis
1373 502 1449 568 Non

295 606 380 670 enim
397 606 495 672 donat
510 606 658 684 liberalis,
675 605 842 670 intendens
857 605 977 689 aliquid
1000 607 1218 689 reciperasse
1234 608 1379 686 volitum,
1394 607 1448 672 sed

294 710 459 777 dumtaxat
482 713 521 776 ad
552 711 775 794 perficiendum
806 710 979 795 operibus¹
1011 711 1140 776 virtutis
1165 735 1183 776 a
1211 735 1244 776 se
1267 734 1446 796 possessum

290 814 357 897 jam
392 817 519 881 bonum.
577 815 624 879 At
656 836 729 880 vero
763 814 819 898 qui
852 813 990 880 ahenum
1023 815 1126 879 dando
1158 816 1332 894 desiderat,
1364 817 1446 884 libe-

266 919 404 984 araliter
442 919 574 984 minime
607 919 737 996 tribuit,
778 919 862 1002 quod
893 919 1050 984 serviliter
1085 921 1257 999 vendidit,.
1283 943 1348 986 non
1389 921 1446 986 do-

293 1025 391 1092 navit.
437 1025 594 1103 Attende,
618 1045 741 1109 quaeso,
766 1025 805 1088 ad
827 1024 1074 1089 virtuosissimas
1097 1025 1284 1092 donationes
1307 1029 1443 1106 naturae,

293 1151 388 1213 quam
412 1131 587 1196 liberaliter
608 1129 821 1196 effundantur.
868 1130 951 1206 Quid
974 1130 1059 1194 enim
1081 1130 1122 1194 ab
1147 1129 1351 1196 inferioribus
1374 1153 1444 1196 sas-

292 1234 372 1319 cipit
393 1235 525 1313 coelum,
558 1234 673 1318 quibus
703 1234 847 1299 omnium
877 1255 1006 1298 suorum
1030 1234 1188 1300 vivificum
1213 1239 1345 1318 praestat
1367 1257 1445 1300 con-

291 1339 383 1403 tinuo
405 1339 617 1404 beneficium?
646 1338 728 1414 Quid
752 1339 857 1424 Tytan
880 1339 1011 1403 luminis
1035 1339 1127 1403 dialis
1149 1340 1342 1406 emissione?
1375 1341 1445 1405 Aut

253 1465 278 1502 n
293 1443 370 1527 quid
399 1465 458 1529 ego
486 1443 527 1508 ab
559 1443 687 1508 bomine
719 1445 748 1508 ei
771 1443 922 1509 stillando
945 1445 1087 1528 genitam
1109 1466 1220 1510 venam
1246 1447 1332 1524 auri,
1367 1446 1444 1510 ritis

291 1547 447 1632 liquorem
470 1549 706 1624 suavissimum,
728 1548 798 1631 apis
822 1548 1037 1612 dulcissimum
1061 1548 1169 1612 farum
1192 1550 1319 1614 mellis?
1349 1547 1445 1614 Nihil

291 1657 384 1732 certe,
409 1655 559 1736 quoniam
582 1652 724 1718 liberalis
735 1656 858 1730 natura,
885 1652 1020 1717 amando
1044 1653 1210 1719 dumtaxat
1231 1654 1361 1720 virtutis
1384 1654 1443 1719 bo·

289 1781 376 1837 num,
400 1759 454 1824 dat
477 1759 603 1823 donum.
650 1755 749 1821 Nulla
764 1757 849 1822 anim
872 1757 975 1820 verior
991 1761 1046 1822 ant
1069 1759 1169 1843 major
1193 1758 1367 1822 durationis
1391 1763 1442 1823 est

288 1886 416 1942 merces,
439 1885 533 1947 qnam
546 1863 644 1947 ipsius
660 1861 816 1926 donativa
831 1862 969 1938 virtutis,
988 1861 1200 1946 grandissima
1215 1885 1275 1928 res.
1315 1862 1440 1938 Quibus

250 1989 275 2027 1⁵
290 1969 407 2034 auditis
429 1968 484 2033 illc
507 1967 545 2032 de
568 1969 681 2051 questu
703 1965 930 2031 illiberalitatis
954 1965 1089 2031 erubuit.

287 2194 578 2272 Proverbium,
613 2194 721 2278 quod
752 2193 954 2258 liberalis
982 2193 1083 2258 dato
1105 2192 1330 2258 beneficio
1352 2217 1441 2260 non

519 2301 784 2384 improperat
806 2298 1015 2382 exigendo
1037 2299 1204 2364 laudem.

402 2475 456 2541 Dc
478 2474 715 2541 vermiculo
738 2472 924 2552 faciente
946 2473 1152 2554 sericum,
1175 2495 1243 2558 cap.
1268 2477 1318 2538 20.

372 2614 511 2699 Accepto
533 2615 686 2682 beneficio
716 2614 807 2679 serici
841 2636 879 2678 ex
901 2613 1047 2678 medullis
1069 2613 1207 2698 propriis
1231 2613 1438 2678 liberalitatis

242 2741 270 2779 ac
284 2741 379 2785 cansa
400 2721 526 2800 donati,
558 2743 628 2786 oum
652 2720 691 2784 ad
714 2720 887 2805 condignas
911 2718 1104 2785 exhibendas
1126 2720 1248 2804 gratias
1269 2720 1299 2784 ei
1321 2725 1436 2804 gratus

282 2823 377 2889 homo
387 2829 541 2907 quaereret
552 2826 747 2911 largitorem,
761 2825 820 2889 sub
836 2823 1183 2889 circumclusofirmiter
1198 2825 1315 2889 cortica
1329 2824 1435 2908 ipsum

281 2929 874 3015 absconditumreperitpostdiligentis
883 2927 1100 3012 inquisitionis
1110 2927 1260 2995 laborem.
1292 2927 1437 2994 (luimox

281 3032 465 3118 gratissima
478 3056 552 3099 voce
564 3035 662 3099 dixit:
687 3034 820 3117 utqnid,
845 3034 890 3097 mi
900 3032 1070 3110 carissime,
1094 3034 1233 3117 propriis
1245 3034 1341 3099 etiam
1354 3034 1436 3099 libe-

280 3138 438 3203 ralissime
450 3141 557 3204 effusis
574 3139 719 3204 medullis
733 3138 847 3206 faeiem
855 3139 1020 3202 dumtaxat
1033 3137 1079 3201 sic
1090 3160 1204 3204 avarus
1216 3140 1436 3205 abscondisti?

241 3261 267 3300 2⁶
283 3242 375 3308 Certe
386 3246 489 3328 major
499 3243 580 3307 milri
592 3248 661 3308 erat
670 3245 820 3309 maestitia
831 3241 870 3306 ad
883 3241 1060 3327 gratiarum
1075 3245 1215 3309 actiones
1229 3267 1292 3309 non
1307 3247 1433 3310 inveni-

279 3349 359 3414 endo
370 3352 412 3428 te,
430 3370 524 3432 quam
543 3349 655 3414 laetitia
669 3347 784 3425 fuerat,
801 3353 867 3412 tam
880 3346 1064 3430 magnificas
1079 3347 1265 3414 donationes
1281 3351 1316 3414 in
1331 3352 1433 3416 susei-

278 3455 467 3537 piendoate.
491 3453 612 3529 Quibus
624 3457 743 3539 agnato
755 3452 883 3517 bomine
892 3471 962 3514 cum
975 3451 1089 3516 rubore
1102 3454 1230 3532 auditis,
1239 3454 1305 3520 baec
1315 3455 1432 3519 vermi·

278 3559 366 3622 culus
389 3558 530 3624 liberalis
553 3559 739 3642 respondit:
762 3562 799 3622 ut
822 3556 908 3640 quid,
932 3556 1103 3634 carissime,
1131 3559 1170 3622 ad
1196 3560 1334 3644 agendas
1356 3581 1432 3646 gra·

278 3663 339 3728 tias
362 3664 525 3728 tantillum
550 3683 718 3747 pauperem
742 3660 945 3745 inquirebas,
977 3683 1049 3726 cum
1080 3662 1139 3726 tibi
1173 3663 1220 3728 nil
1251 3665 1432 3732 existimem

238 3788 264 3825 ³⁰
277 3789 327 3832 me
343 3768 489 3832 dedisse?
521 3765 668 3850 Namque
683 3765 738 3830 ubi
753 3764 940 3830 beneficium
957 3765 1160 3830 liberalitatis
1176 3789 1241 3832 non
1258 3773 1431 3852 praecessit,

276 3872 482 3957 magnificum
504 3873 680 3956 gratiarum
705 3869 839 3934 aetionis
858 3871 983 3935 nullum
1000 3871 1097 3956 digne
1114 3873 1259 3956 seqnitur
1274 3873 1429 3940 debitum.

276 3976 428 4041 Attamen
452 3976 552 4040 amico
568 3977 699 4060 pauperi
728 3975 754 4039 si
774 3976 884 4060 utique
898 3976 1041 4061 dignaris
1057 3978 1178 4062 gratias
1194 3999 1308 4066 agere,
1322 4001 1428 4046 meum

276 4082 352 4160 erit,
382 4082 457 4164 quia
479 4101 537 4163 pro
560 4084 645 4145 certo
668 4081 768 4164 majus
790 4085 856 4156 est,
880 4081 1000 4146 donum
1022 4086 1113 4166 grate
1135 4083 1305 4167 suscipere,
1331 4107 1429 4169 quam

841 4201 860 4242 a

346 4307 358 4360 l
385 4292 481 4361 l'ltere
499 4321 593 4374 sung„
618 4303 722 4360 welche
744 4303 789 4359 die
806 4307 894 4361 warte
908 4304 1083 4364 ’donationis
1101 4307 1242 4365 liberalis«
1261 4309 1427 4380 weglassen,

274 4393 363 4449 lesen:
381 4392 534 4458 intentum,
553 4391 669 4446 andere:
686 4391 839 4448 intendunt
856 4392 919 4448 nn:
938 4394 1076 4464 operibns.
