3172 4962
833 319 896 382 194

285 487 431 554 hostibus
454 487 594 572 quinque
610 509 767 554 annorum
782 489 921 572 spatium
935 489 997 554 sibi
1011 489 1198 573 permissum
1214 489 1450 574 pertransiret,

284 591 361 656 licet
382 591 785 677 gloriosetriumphasset,
809 593 911 658 honor
934 598 1042 659 temen
1065 595 1191 660 debitus
1213 593 1275 658 sibi
1298 592 1450 678 denega·

285 701 338 762 tue
360 702 417 778 est,
440 719 498 764 neo
518 699 630 764 urbem
653 699 777 784 ingredi
795 699 967 782 permissus
996 704 1061 781 est,
1092 700 1176 784 quod
1205 698 1293 764 ultra
1323 697 1450 762 termi-

284 803 387 868 num¹
410 804 473 869 eriri
494 805 659 888 prefixum
682 823 804 868 morem
825 805 1044 870 contraxisset.

259 997 271 1036 a
527 977 586 1044 De
608 977 783 1045 herodio
805 983 847 1044 et
868 979 1017 1061 milvo,
1040 979 1113 1046 (linl.
1138 983 1191 1046 51.

371 1099 529 1166 Herodius
552 1099 755 1186 rapacissima
776 1101 843 1166 avis
873 1106 921 1167 est
950 1102 1094 1168 omnium
1120 1101 1300 1168 volatilium
1322 1100 1448 1184 major,

284 1205 394 1289 quiet
416 1207 557 1291 aquilam
580 1207 690 1286 vincit,
712 1210 749 1272 ut
771 1207 850 1271 dicit
873 1205 986 1272 Glosse
1007 1229 1102 1292 super
1134 1207 1214 1272 illud
1237 1205 1448 1270 Psalmistee:

284 1311 416 1376 Herodii
439 1311 558 1376 domus.
605 1310 762 1400 Herelius
785 1333 841 1395 per
863 1315 966 1376 aerem
990 1311 1189 1396 spatiabatur
1219 1311 1347 1391 volans,
1380 1308 1448 1376 scd

283 1417 399 1482 milvus
423 1421 496 1501 post
518 1417 622 1499 ipsum
645 1415 775 1481 sibilare
796 1416 894 1500 coepit
915 1438 1050 1500 eumque
1069 1417 1268 1502 depompere‚
1292 1417 1370 1480 item
1387 1415 1461 1482 vi·,

244 1539 270 1576 ιο
284 1525 433 1606 inperare
447 1520 469 1602 ²,
498 1522 622 1587 dicens:
645 1526 792 1606 exspecto
815 1542 876 1601 mc,
900 1522 1076 1605 nephande,
1100 1522 1176 1607 quia
1197 1525 1229 1588 te
1253 1525 1357 1587 totum
1380 1520 1443 1586 de-

283 1627 420 1706 calcabo,
443 1630 481 1694 tu
502 1626 549 1690 vis
571 1648 665 1711 super
687 1647 796 1692 omnes
818 1627 960 1692 volucres
982 1627 1156 1706 dominari,
1187 1628 1242 1693 sed
1264 1648 1373 1692 omnes
1398 1625 1444 1690 de

283 1737 316 1798 te
342 1753 401 1818 ego
431 1732 608 1798 vindicabo.
654 1731 813 1796 Herodius
843 1736 949 1798 autem
981 1733 1015 1798 in
1047 1739 1117 1800 aire
1148 1733 1277 1800 volabat
1307 1753 1366 1800 nec
1396 1733 1443 1798 de

283 1838 386 1904 verbis
419 1837 574 1904 fabulosis
603 1837 743 1902 curabat.
790 1837 851 1902 Sed
881 1838 998 1904 milvus
1027 1840 1125 1904 verbe
1154 1839 1350 1925 reciprocare
1382 1838 1440 1902 in-

282 1942 418 2008 choavit.
458 1941 593 2026 Propter
615 1940 699 2024 quod
713 1941 867 2007 Herodius
888 1942 937 2006 ira
958 1941 1173 2008 inflammatus
1201 1964 1298 2027 super
1325 1943 1438 2027 ipsum

244 2045 445 2120 1⁶descendit
467 2050 500 2112 et
522 2046 652 2132 ungulis
674 2050 778 2112 totum
801 2046 985 2112 evisceravit
1007 2046 1131 2112 dicens:
1165 2047 1221 2131 qui
1250 2047 1320 2113 vult
1350 2047 1436 2112 infe·

283 2158 368 2218 stare
391 2152 523 2232 fortem,
547 2152 631 2236 perit
653 2155 748 2235 atque
771 2149 887 2235 querit
909 2154 1054 2216 mortem.
1100 2151 1186 2236 Ergo
1209 2173 1337 2251 cernere
1358 2173 1436 2236 poe·

283 2279 401 2335 sumus,
425 2256 510 2340 quod
532 2256 707 2341 perieulum
729 2259 865 2320 estnon
887 2256 1042 2322 modicum
1067 2260 1179 2322 contra
1197 2260 1345 2341 potentes
1360 2279 1432 2322 ven

283 2362 389 2428 boseri
412 2362 558 2447 ipsosque
581 2361 740 2440 infestare,
763 2363 861 2444 prout
875 2361 953 2426 dicit
967 2361 1086 2428 Eccles.
1103 2360 1219 2428 vlw:
1241 2383 1308 2427 non
1322 2362 1432 2448 litiges

283 2489 354 2534 oum
377 2467 506 2534 homine
527 2470 667 2550 potente,
694 2488 734 2530 ne
757 2466 840 2530 forte
862 2465 983 2532 incidas
1006 2467 1040 2531 in
1062 2488 1175 2531 manus
1197 2465 1295 2532 illius.
1341 2465 1434 2532 Unde

244 2595 270 2634 oo
283 2571 381 2638 refert
403 2571 537 2656 Esopus,
560 2571 644 2654 quod
666 2570 795 2656 quidam
817 2570 912 2655 lupus
935 2571 1066 2636 bibebat
1081 2571 1116 2636 in
1130 2571 1261 2638 flumine
1283 2575 1316 2638 et
1330 2593 1434 2658 agnus

283 2677 411 2762 quidam
434 2677 546 2742 subtus
569 2675 700 2740 bibebat
722 2697 792 2742 cum
822 2697 858 2740 eo
881 2676 994 2756 simul,
1027 2675 1207 2760 levavitque
1237 2676 1331 2761 lupus
1361 2682 1435 2762 post

282 2804 354 2846 eum
378 2781 501 2846 dicens:
526 2780 636 2844 turbas
660 2784 697 2844 tu
718 2801 834 2864 equam
849 2783 944 2864 potus
960 2780 1031 2844 mei.
1078 2778 1137 2844 Oui
1153 2801 1271 2864 agnus:
1294 2781 1432 2861 domine,
1565 2761 1567 2802 ³

282 2906 347 2951 non
370 2887 452 2950 focio
470 2885 559 2950 vobis
574 2884 724 2968 injuriam
739 2907 841 2969 neque
856 2885 962 2950 turbo.
1008 2883 1051 2950 Et
1065 2885 1177 2970 lupus:
1200 2886 1281 2953 mihi
1296 2887 1436 2972 dampna

282 2989 436 3067 minaris3
460 2988 561 3054 nescis
577 2988 655 3073 quid
670 2988 745 3054 fecit
760 2992 852 3073 pater
867 2995 950 3067 tuus,
967 2990 1109 3054 nondum
1124 2992 1202 3055 sunt
1215 3012 1270 3056 sex
1284 2993 1434 3058 menses?

243 3116 269 3156 aa
283 3093 342 3160 Oui
364 3115 481 3181 egnvrs:
514 3097 608 3160 tento
639 3114 705 3158 non
733 3093 800 3159 vixi
829 3097 981 3178 tempore.
1033 3095 1124 3162 Tunc
1150 3095 1301 3162 clamavit
1321 3096 1434 3180 lupus:

282 3222 324 3266 en
339 3200 486 3284 loqueris,
510 3198 641 3264 furcifer
663 3198 710 3282 (id
725 3203 773 3264 est
789 3197 970 3284 villecell?
992 3198 1042 3266 Ac
1057 3199 1153 3264 irruit
1175 3199 1210 3264 in
1224 3221 1297 3267 eum
1319 3223 1357 3268 ec
1378 3201 1433 3266 de-

282 3307 413 3373 voravit.
459 3304 512 3370 Sic
533 3304 657 3370 faciunt
680 3308 827 3389 potentes
849 3305 947 3370 seculi
969 3305 1166 3384 minoribus,
1189 3306 1265 3389 quia
1288 3306 1359 3372 sine
1379 3327 1432 3374 oo-

282 3411 407 3478 casione
429 3411 582 3476 devorant
597 3431 650 3474 eos
665 3411 698 3472 et
713 3408 910 3493 disperdunt.
956 3409 1130 3494 Propterea
1144 3410 1279 3478 dicitur:
1303 3411 1433 3479 domino

282 3536 348 3580 non
370 3514 477 3580 deficit
500 3513 629 3580 occasio.

243 3709 269 3747 ω
312 3687 368 3754 De
390 3710 509 3775 grue,
532 3709 621 3773 quae
643 3685 821 3751 volebat
842 3686 984 3752 volare
1007 3689 1055 3753 ad
1078 3687 1223 3768 solem,
1247 3690 1321 3756 dial.
1345 3695 1396 3757 52.

370 3809 452 3876 (irus
475 3813 578 3874 erecte
599 3809 709 3874 videns
730 3807 871 3892 aquilam
899 3807 1004 3873 volere
1026 3811 1126 3894 usque
1140 3810 1180 3875 ad
1196 3810 1295 3876 solem
1310 3812 1432 3897 ipsum-

282 3937 343 4001 que
366 3915 545 4001 prospicere
568 3913 661 3992 olere,
685 3913 731 3977 ait
752 3913 840 3977 intra
862 3934 911 3976 se:
935 3912 1069 3998 pulchra
1091 3936 1161 3980 sum
1186 3935 1244 4000 ego
1267 3920 1300 3982 et
1315 3937 1432 4004 magna
1568 3947 1569 4008 3

281 4026 318 4087 ut
341 4019 457 4106 aquila,
482 4019 553 4084 volo
576 4017 700 4085 evolare
723 4039 822 4102 usque
843 4016 883 4081 ed
905 4018 1005 4082 solem
1027 4022 1059 4083 et
1081 4019 1317 4087 irreverberatis
1332 4021 1432 4088 oeulis

849 4121 867 4161 *

353 4211 366 4263 1
388 4175 499 4265 indere
518 4207 717 4280 (unrichtig‘i):
739 4207 902 4264 triennium.
961 4208 978 4262 2
996 4205 1031 4266 So
1050 4209 1096 4265 die
1113 4207 1246 4266 fritheren
1264 4229 1350 4283 cosp,
1369 4213 1431 4281 aps·

281 4299 340 4352 tere
358 4296 452 4352 laeeen
469 4296 515 4351 die
532 4298 619 4353 worte
643 4295 729 4352 »item
753 4295 930 4367 vituperare«
955 4295 1030 4365 (weil
1053 4313 1082 4351 es
1108 4297 1169 4353 eine
1192 4298 1284 4368 gloese
1309 4316 1344 4353 nn
1374 4297 1433 4354 sein
1567 4345 1569 4358 ,

280 4382 407 4456 nebeim),
425 4401 495 4456 weg.
563 4382 649 4442 eme
666 4385 754 4441 verte
772 4382 819 4438 »id
835 4385 880 4440 est
895 4382 1019 4441 villane«
1038 4383 1102 4441 sind
1116 4383 1269 4456 jedenlnlls
1287 4385 1385 4458 glosse.

1564 4399 1569 4574 l
