3146 4962
710 351 773 412 257

166 527 325 606 praeperat
346 523 478 601 animos,
502 525 539 586 ut
553 523 675 586 fructus
697 521 812 585 ferant.
857 519 903 585 Ut
925 521 1009 585 enim
1025 519 1215 606 aitPepias:
1239 543 1311 586 aca-

166 628 268 692 demia
290 627 354 691 luit
375 627 452 692 villa
466 626 625 710 frequenti
648 631 740 690 terrea
763 629 851 690 motu
868 647 1026 702 concussa,
1050 626 1171 692 distans
1193 626 1310 691 millia-

165 732 213 795 rio
239 731 280 795 ab
303 731 459 809 Athenis,
491 730 573 795 hanc
603 729 784 815 philosophi
808 730 987 814 elegerunt,
1012 730 1133 795 seilicet
1154 729 1248 796 Plato
1281 736 1313 796 et

164 838 223 914 sui,
246 841 284 901 ut
305 838 420 903 timore
442 859 461 902 a
482 837 616 901 libidine
638 858 671 901 se
692 837 893 900 continerent
921 839 952 900 et
975 836 1015 900 ab
1039 837 1110 900 aliis
1133 838 1222 902 vitiis
1245 857 1309 900 ces-

138 947 272 1007 ⁵sarent
295 947 328 1006 et
349 941 454 1006 studio
477 945 636 1018 vacarent,
661 945 693 1006 et
715 940 790 1004 inde
813 939 890 1006 dicti
913 942 989 1004 sunt
1010 941 1187 1007 academici.

447 1115 501 1181 De
523 1137 623 1181 cane
646 1120 686 1180 et
708 1115 842 1198 lupis,
866 1115 939 1178 dial.
966 1117 1037 1178 106.

253 1253 347 1320 (lenis
363 1255 491 1339 quidam
506 1277 641 1340 magnus
656 1254 791 1318 latrator
806 1258 838 1317 et
852 1253 1080 1337 proeliatcrfuit
1089 1257 1199 1320 contra
1210 1255 1312 1340 lupos,

165 1361 212 1426 ite
221 1360 306 1444 quod
314 1361 404 1424 nullo
412 1361 505 1424 modo
516 1360 721 1443 permittebat
732 1381 784 1424 eos
794 1359 829 1422 in
841 1359 1001 1422 civitatem
1011 1359 1145 1444 ingredi,
1164 1360 1233 1444 lupi
1240 1382 1313 1426 vero

165 1466 456 1551 quamplurimum
485 1487 595 1532 canem
626 1464 840 1529 abhorrebant
872 1464 1034 1547 cupientes
1064 1465 1166 1547 ipsum
1190 1468 1312 1531 exstin-

125 1588 151 1626 10
165 1591 270 1656 guere.
315 1571 436 1637 Idcirco
459 1571 554 1635 simul
576 1571 611 1633 in
634 1567 860 1654 campestribus
884 1574 1099 1633 convenerunt
1122 1575 1154 1639 et
1175 1569 1252 1636 duos
1275 1573 1314 1638 de

165 1677 340 1741 senioribus
378 1677 415 1740 ed
449 1697 558 1740 canem
589 1675 820 1739 mandaverunt
857 1673 1013 1738 dieentes:
1055 1697 1189 1761 magnus
1218 1698 1251 1741 es
1282 1683 1313 1743 et

165 1779 337 1860 formosus,
369 1787 481 1865 potens
514 1785 546 1846 et
576 1783 735 1846 virtuosus
757 1780 889 1864 ideoque
911 1802 1020 1846 omnes
1044 1781 1077 1845 in
1101 1803 1214 1868 campo
1237 1807 1312 1850 cen-

165 1889 290 1973 gregati
313 1909 431 1965 sumus,
456 1891 492 1950 ut
514 1889 546 1951 ta
568 1907 675 1972 regem
698 1890 842 1950 nostrum
865 1889 1047 1971 patremus;
1071 1889 1143 1952 veni
1165 1911 1240 1973 ergo
1263 1913 1312 1956 se-

165 2013 247 2070 cure,
271 1998 308 2057 ut
330 1997 362 2057 te
383 1993 556 2058 honorifice
578 2013 769 2056 coronemus.
815 1991 910 2056 Canis
933 1991 1059 2056 demens
1082 2014 1115 2058 ee
1139 1995 1311 2061 sublimare

126 2112 152 2149 1⁵
166 2100 271 2181 caepit,
295 2103 364 2162 tum
387 2121 420 2164 se
443 2098 564 2164 audivit
586 2097 707 2162 laudari
730 2118 767 2162 ac
790 2097 827 2160 de
850 2097 984 2174 curtina
1008 2098 1043 2162 in
1062 2121 1122 2183 quo
1139 2101 1241 2166 tutius
1257 2103 1312 2167 de-

165 2204 271 2289 gebat,
294 2204 441 2268 exsiliens
465 2227 535 2269 cum
547 2203 587 2266 iis
610 2205 656 2268 ire
678 2204 783 2287 coepit,
808 2202 877 2285 lupi
900 2207 1007 2266 autem
1023 2208 1113 2269 caute
1128 2207 1167 2270 ad
1183 2211 1312 2272 caeteros

165 2330 236 2372 eum
252 2309 476 2393 perduxerunt,
501 2309 567 2393 qui,
590 2329 660 2372 cum
685 2310 791 2393 ipsum
812 2307 924 2372 intuiti
947 2312 1041 2385 sunt,
1065 2331 1098 2373 se
1120 2310 1311 2376 fortificave-

165 2420 242 2480 runt
264 2420 296 2480 et
319 2417 424 2499 ipsum
446 2419 550 2480 totum
573 2415 752 2480 lacerarunt
775 2415 929 2480 dicentes:
952 2435 1019 2477 esse
1042 2415 1096 2498 qui
1119 2417 1208 2500 cupit
1223 2423 1309 2482 astu-

165 2522 227 2598 tus,
251 2524 379 2585 maneat
401 2521 456 2584 ubi
479 2524 544 2585 stat
567 2523 664 2584 tutus.
710 2518 762 2584 Sic
784 2519 870 2584 eninr
883 2519 986 2595 homo,
1011 2540 1081 2582 cum
1105 2520 1138 2584 in
1154 2521 1223 2586 loco
1240 2526 1312 2587 tuto

125 2650 151 2687 ro
166 2629 291 2703 manet,
323 2647 386 2690 non
414 2626 489 2689 inde
517 2624 603 2690 exire
632 2624 726 2689 debet
748 2629 877 2709 propter
900 2624 1125 2708 promissiones
1148 2630 1180 2691 et
1202 2627 1310 2693 laudes

165 2731 379 2808 adulatorum,
411 2732 486 2816 quia
516 2730 610 2795 multi
640 2729 842 2815 reperiuntur
866 2731 1063 2814 deceptores,
1088 2731 1143 2814 qui
1165 2731 1312 2798 incautos

164 2837 317 2902 seducunt
339 2836 444 2901 verbis
466 2836 612 2914 mellitis,
643 2836 880 2921 propterquod
903 2836 980 2900 dicit
1004 2834 1214 2902 hlhertanus:
1247 2860 1312 2902 non

165 2942 276 3006 acerbe
298 2941 393 3006 verbe
415 2941 467 3006 sed
489 2942 619 3006 verbere
641 2942 777 3034 timebis
823 2941 867 3006 Et
888 2940 1114 3026 philosophus:
1147 2943 1200 3026 qui
1233 2943 1313 3008 bene

165 3046 359 3124 dissimulet,
392 3046 486 3112 citius
510 3047 638 3112 inimico
661 3053 762 3113 nocet.
810 3047 908 3112 Prout
929 3047 1051 3132 Esopus
1075 3049 1182 3112 volens
1205 3052 1311 3112 osten-

125 3173 150 3212 a
164 3153 251 3232 dere,
281 3153 364 3237 quod
387 3152 481 3218 homo
503 3153 594 3218 dehet
618 3154 834 3231 considerare,
868 3175 964 3237 quare
996 3152 1057 3216 sibi
1092 3152 1214 3236 aliquid
1237 3175 1310 3238 pro·

164 3258 305 3323 mittitur
326 3258 377 3322 vel
399 3258 502 3336 detur,
525 3258 595 3322 ideo
615 3259 791 3324 introducit
806 3258 889 3323 hanc
905 3257 1056 3334 fabulam,
1083 3257 1311 3342 quodquidam

163 3364 246 3429 latro
269 3364 307 3428 de
330 3369 421 3429 nocte
442 3365 531 3430 venit
553 3364 592 3429 ed
615 3364 743 3430 domum
766 3364 928 3448 cujusdam
962 3367 994 3426 et
1016 3361 1103 3425 cenis
1127 3360 1237 3427 domus
1261 3362 1311 3425 in-

164 3467 248 3552 cepit
270 3467 396 3534 latrare.
441 3469 487 3534 At
513 3469 569 3534 ille
599 3470 738 3534 extraxit
771 3491 886 3554 penem
918 3469 955 3532 de
988 3467 1061 3530 sinu
1092 3469 1124 3530 et
1157 3466 1254 3551 coepit
1284 3467 1312 3530 ei

165 3571 302 3637 blandiri
325 3574 403 3640 dans
425 3576 453 3640 ei
475 3597 599 3660 panem.
646 3574 704 3640 Oui
727 3575 831 3638 canis:
856 3581 912 3637 tua
936 3573 1019 3636 dona
1028 3572 1186 3650 laborant,
1210 3576 1245 3636 ut
1268 3572 1311 3635 si-

124 3699 150 3736 ae
164 3677 246 3741 leam
268 3682 301 3743 et
322 3678 420 3743 facias
442 3679 573 3757 furtum,
597 3680 624 3744 si
647 3680 726 3744 tollo
748 3685 840 3744 tuum
864 3701 989 3762 panem,
1013 3683 1048 3742 tu
1068 3678 1190 3742 auferes
1206 3677 1312 3742 omnia

164 3783 317 3848 dedomo
340 3806 410 3849 mea
439 3791 472 3850 et
501 3787 561 3850 iste
592 3786 680 3850 cibus
703 3785 843 3870 privabit
876 3807 925 3849 me
947 3783 987 3848 ab
1010 3784 1096 3848 omni
1119 3783 1208 3860 cibo;
1239 3781 1312 3846 nolo

164 3888 250 3952 enim
272 3911 394 3974 semper
412 3911 507 3976 egens
529 3911 595 3954 esse
617 3895 747 3975 propter
771 3889 926 3955 modicam
949 3888 1146 3953 saturitatem
1177 3891 1210 3951 et
1232 3887 1312 3965 ideo,

164 3994 226 4059 nisi
249 3999 362 4079 sponte
373 3997 508 4074 recedas,
531 3996 624 4076 latro,
648 3997 741 4062 modo
756 4001 812 4061 tua
828 3996 915 4060 furta
930 3995 1077 4079 pandam.
1127 3991 1209 4056 Dum
1227 3992 1313 4056 enim

164 4101 251 4165 cenis
274 4101 373 4180 siluit,
397 4102 479 4168 latro
502 4103 608 4180 stetit,
632 4107 799 4186 postquam
822 4101 974 4179 latravit,
998 4101 1065 4182 ipse
1088 4099 1181 4182 fugit.
1228 4097 1313 4161 Hine

127 4222 153 4260 ³⁵
167 4204 245 4270 dicit
266 4211 375 4274 autor:
400 4229 471 4273 cum
495 4206 555 4271 tibi
581 4207 656 4292 quid
679 4207 790 4284 dahrr,
821 4228 876 4271 eur
900 4205 1008 4282 detur,
1032 4203 1173 4287 respice,
1196 4203 1225 4266 si
1247 4201 1312 4281 des,

166 4311 216 4374 cui
239 4311 293 4376 des
316 4312 385 4396 ipse
408 4313 499 4380 dona.

218 4415 380 4457 Fabelhttcher
1066 4400 1104 4460 ll
