3172 4958
829 339 891 401 112

283 512 391 598 posuit
423 531 460 576 ao
483 514 595 576 contra
619 509 740 575 ardoris
763 510 948 596 voraginem
971 508 1176 576 substantiali
1199 508 1381 576 macredine
1402 530 1436 572 se

284 615 430 694 armarit,
454 614 612 698 coepitquo
635 615 848 680 moxflamma
869 616 1006 680 clamere
1027 618 1061 678 ot
1082 613 1180 679 dixit:
1204 615 1347 698 quidest
1365 613 1436 690 hoc,

285 721 368 804 quod
399 717 487 804 agis,
516 719 634 782 avara?
667 741 724 784 our
753 721 801 784 vis
833 719 1035 804 exstinguere
1066 718 1166 783 vitam
1188 720 1315 783 meam?
1351 717 1436 783 Nam

284 846 468 892 consumere
490 845 542 888 me
564 827 601 889 tu
622 825 681 904 ris,
704 830 742 890 ut
764 847 878 911 parum
901 829 976 890 aute
998 825 1103 890 oleum
1126 823 1331 900 destruxisti3
1362 824 1438 889 nori

242 949 271 1007 ,⁵
285 930 441 995 malitiam
470 933 576 1006 tum,
610 949 669 1012 ego
698 950 769 994 sum
798 930 955 995 medicina
987 932 1052 993 tna
1101 928 1170 1006 Quo
1202 927 1287 994 dicto
1309 928 1439 995 damma

285 1037 443 1101 exstincta
465 1037 523 1103 est.

284 1243 567 1310 Proverbinm
598 1249 748 1309 contra
777 1249 988 1309 amatores
1022 1243 1212 1309 carnalis
1241 1243 1438 1328 pulchri-

616 1349 779 1413 tudinis
802 1348 851 1413 ob
875 1347 1096 1414 luxuriam.

285 1524 342 1591 De
364 1524 525 1590 camelo
547 1523 762 1588 etduobus
779 1522 1439 1608 taurisdimicantibuspropter
1566 1488 1570 1519 ι

247 1647 272 1685 ro
675 1626 871 1706 vitulam,
896 1649 962 1712 cap.
988 1636 1004 1692 7
1027 1628 1047 1696 ².
1568 1638 1572 1647 '

376 1768 507 1833 Duobus
529 1765 669 1833 letaliter
690 1765 856 1831 adversim
887 1787 920 1831 se
942 1787 1040 1830 cornu
1071 1771 1104 1832 et
1133 1767 1255 1853 ungula
1285 1767 1440 1833 dimican-

284 1874 373 1938 tibus
385 1872 486 1937 tauris
507 1870 645 1936 camelus
660 1869 843 1954 supervenit
858 1873 900 1948 et,
926 1869 1075 1936 misertus
1090 1893 1164 1936 mox
1175 1871 1306 1936 exitiale
1321 1872 1441 1936 bellum

286 2001 322 2045 ac
336 1980 660 2055 furoramcrnantnm,
684 1976 833 2061 ingerens
849 1996 893 2052 se,
910 1995 962 2040 cos
975 1976 1084 2041 divisit
1107 1976 1270 2060 dixitque:
1293 1998 1441 2061 quaenam
1573 2031 1574 2034 ,

285 2085 375 2149 vobis
406 2083 488 2146 ratio
513 2081 656 2160 odiendi,
680 2101 750 2164 qum
779 2102 873 2146 causa
894 2081 1059 2167 pugnandi
1082 2085 1149 2161 est,
1182 2104 1255 2147 cnm
1285 2083 1440 2146 ambobus
1573 2099 1574 2102 ’

248 2189 422 2258 assimilem
447 2187 581 2272 speciem
604 2190 721 2251 natura
743 2184 908 2251 donaverit
929 2185 1092 2251 vinculum
1120 2186 1300 2271 diligendi?
1333 2185 1442 2253 Dicite

290 2294 387 2372 mihi,
417 2294 445 2358 si
475 2293 599 2359 ratione
626 2291 772 2356 fortassis
796 2294 895 2355 tantae
917 2291 1088 2355 iracundiae
1110 2291 1316 2357 seminarium
1339 2291 1443 2376 possit
1573 2333 1574 2340 κ

289 2399 407 2465 evelli?
429 2396 476 2462 At
497 2397 546 2462 illi
568 2396 737 2461 dixerunt:
765 2395 927 2473 nimirum,
951 2399 1053 2478 pater,
1076 2396 1171 2480 hujus
1192 2396 1258 2460 odii
1280 2417 1370 2461 amor
1392 2399 1442 2462 est

290 2525 401 2581 cansa,
425 2502 558 2566 vitulam
583 2501 667 2564 enim
690 2499 861 2564 formosam
888 2499 1065 2582 diligimus,
1101 2521 1196 2584 quam
1220 2500 1356 2583 quilibet
1377 2501 1441 2564 sibi
1573 2519 1574 2524 ¹

292 2608 498 2692 appropriare
520 2604 640 2684 volens,
663 2609 730 2669 tam
752 2626 835 2670 saeva
856 2625 981 2690 pugna·
995 2611 1107 2669 mutuo
1130 2605 1325 2670 dimicamus.
1371 2605 1441 2682 Quo

251 2741 276 2779 ao
290 2713 397 2778 andito
426 2733 498 2776 cnm
528 2710 665 2794 prudeus
693 2709 749 2774 illa
779 2709 945 2776 libidinem
977 2709 1071 2794 hujus
1105 2710 1223 2775 furoris
1235 2711 1441 2780 memnonem

291 2821 440 2893 notasset,
464 2836 537 2879 mox
559 2835 701 2900 pugnam
726 2814 852 2879 diremit
873 2815 996 2880 ratione
1018 2819 1051 2880 et
1062 2816 1160 2904 dixit:
1191 2817 1275 2900 quod
1297 2814 1441 2900 pulchri-

290 2921 366 2986 tudo
389 2925 472 2986 oerte
495 2918 618 3003 placeat
640 2919 731 2984 oculo
761 2923 794 2984 et
820 2920 851 2984 vi
876 2920 993 2984 amoris
1016 2940 1070 2984 oor
1092 2921 1132 2985 cd
1154 2942 1188 2986 se
1211 2919 1442 2986 delectabiliter
1573 2943 1574 2946 ¹

289 3025 407 3102 trahet,
431 3044 495 3090 non
510 3028 558 3089 est
573 3024 698 3103 vitium,
722 3025 776 3088 sed
791 3028 916 3102 natura,
939 3024 1107 3108 pulchrum
1130 3047 1202 3091 oum
1223 3047 1334 3090 sensus
1347 3045 1393 3094 ,ex
1407 3047 1443 3090 se

291 3131 423 3196 delectet
445 3133 562 3194 etcum
579 3129 697 3194 bouum
713 3129 902 3194 naturaliter
918 3129 1069 3194 attrahat.
1101 3129 1254 3194 Attamen
1271 3129 1354 3214 quod
1368 3151 1442 3212 spe-

251 3261 276 3300 n
290 3235 444 3301 ciositatis
469 3235 630 3319 placentia
652 3235 686 3298 in
709 3235 867 3298 luxuriam
892 3237 1042 3311 vertatur,
1065 3233 1126 3298 hoo
1148 3255 1211 3298 non
1235 3237 1363 3312 natura,
1387 3237 1443 3301 sed

289 3340 447 3404 vitiositas
470 3345 526 3406 est.
574 3339 654 3405 Vult
677 3339 761 3404 enim
786 3339 885 3403 libido
900 3339 1011 3421 inepta
1025 3338 1177 3422 puritatis
1192 3338 1282 3402 abuti
1296 3339 1443 3422 pulchri-

290 3445 401 3511 tudine
431 3466 467 3510 ac
498 3445 697 3528 splendorem
728 3443 795 3527 ejus
818 3443 883 3508 suis
907 3443 1106 3508 foeditatibus
1129 3443 1298 3509 sordidare.
1346 3442 1444 3527 Cujus

290 3551 421 3634 quidem
443 3549 706 3632 compositionem
730 3553 845 3614 natura
861 3548 996 3613 miratur
1019 3553 1052 3612 et
1073 3549 1282 3614 admiratione
1305 3549 1444 3614 delceta-

290 3660 344 3720 tur
358 3658 392 3719 ct
406 3652 614 3718 delectatione
630 3653 710 3738 legis
727 3653 838 3718 ordine
860 3653 972 3717 utitur.
1018 3652 1130 3718 Omnis
1154 3657 1260 3718 nutem
1282 3654 1403 3738 speeies
1425 3677 1444 3719 a

251 3785 277 3822 ao
291 3761 397 3847 prima
425 3757 616 3823 infabricata
647 3758 877 3823 formosissima
899 3758 1002 3822 forma
1025 3758 1059 3822 in
1083 3759 1197 3823 creatis
1220 3759 1314 3824 rebus
1336 3780 1444 3824 exem-

289 3867 378 3952 plata
401 3869 467 3943 est,
502 3885 573 3928 cnm
597 3884 721 3927 summa
746 3867 815 3927 arte
836 3861 923 3927 lacta
945 3862 1013 3926 sint
1034 3863 1150 3926 omnia.
1197 3863 1289 3928 Unde
1312 3863 1444 3928 uostri¹

288 3972 450 4057 appetitus
467 3967 591 4032 suntin
608 3968 697 4032 illam
713 3966 868 4046 decoram,
885 3967 1073 4051 placabilem
1087 3971 1120 4032 et
1134 3989 1258 4033 summe
1273 3967 1443 4052 pulchram

287 4076 423 4142 formam
456 4095 512 4158 par
543 4077 681 4140 tractum
712 4073 846 4138 rationis
879 4072 1058 4138 ordinandi.
1105 4072 1183 4150 Quae
1218 4077 1327 4138 tamen
1351 4095 1465 4158 pura,⁴

290 4181 424 4248 causalis
447 4184 478 4245 et
501 4177 708 4262 incorporalis
730 4177 912 4243 formositas
928 4201 1050 4244 summe
1066 4177 1301 4263 plaoercdebct‚
1325 4177 1444 4245 intime

857 4300 874 4336 *

363 4406 375 4460 1
396 4403 430 4457 In
449 4401 476 4470 d.
494 4419 573 4472 anag.
592 4419 617 4456 v.
638 4397 706 4460 1630
724 4401 763 4458 ist
780 4402 839 4458 dies
857 4421 878 4458 c
900 4406 939 4460 ll.
1012 4405 1029 4459 2
1047 4403 1158 4460 Anderc
1175 4403 1269 4460 lesen:
1288 4404 1355 4460 veri.
