3066 4938
673 273 734 338 1³3

116 443 290 528 petendum
312 465 382 512 eece
406 444 549 510 videmus
572 467 678 510 rernm
700 449 829 512 etatum.
875 443 951 512 Non
982 449 1086 531 potest
1115 449 1183 514 nlla
1212 472 1278 518 ree-

117 549 250 634 pnblica
279 549 335 616 din
367 550 559 628 consistere,
586 550 659 624 ¹nisi
689 551 898 636 magistratus
920 571 1118 618 communem
1141 555 1277 622 salutern

118 654 254 737 privatis
275 655 450 720 commodis
471 657 656 738 anteponat.
704 653 858 720 Oaeearem
882 655 971 720 vobis
1000 656 1086 724 dedit
1109 658 1213 737 Deua,
1244 664 1277 726 et

119 759 167 826 ita
189 760 277 826 dedit
301 765 336 826 nt
358 781 414 824 vae
438 783 502 826 nna
524 782 595 826 cum
619 783 656 826 eo
679 761 844 844 providere
865 760 945 826 velit
966 764 999 826 et
1019 784 1188 845 procurare
1206 785 1275 830 onr-

119 867 185 944 nia,
208 887 279 949 qnae
301 866 465 949 pertinent
481 845 526 930 'ad
549 865 702 932 tuendum
727 866 813 931 istud
835 866 961 949 imperii
985 887 1106 951 corpus.
1138 866 1180 934 Et
1194 869 1277 936 sicut

116 973 152 1036 in
174 993 271 1056 apum
296 970 442 1036 examine
464 991 571 1056 regem
595 992 661 1036 ease
685 971 835 1049 ridemus,
860 992 955 1054 quem
973 977 1149 1056 sequnntur
1164 995 1274 1040 omnen

116 1077 191 1143 alirn
214 1099 334 1164 magno
363 1076 468 1142 studio
497 1081 530 1142 et
561 1075 750 1155 observant,
785 1080 818 1140 ct
847 1076 887 1141 ad
916 1077 1112 1143 mellificiurn
1142 1081 1274 1146 intente}

116 1187 205 1262 ennt,
229 1183 319 1248 etin
342 1181 523 1260 alventium,
549 1185 701 1266 tanquam
725 1181 758 1246 in
783 1182 943 1248 civitatem
970 1183 1122 1268 aliquam,
1146 1205 1273 1250 omnem

116 1309 240 1370 ancum,
263 1288 388 1373 ingenti
409 1286 518 1352 leborc
539 1287 709 1369 quaesitum
732 1287 766 1352 in
788 1286 928 1352 herbidis
951 1287 1028 1352 locis
1053 1292 1086 1353 et
1109 1287 1274 1356 advectum

114 1415 156 1458 ex
181 1393 370 1479 longinquo,
392 1391 580 1469 conferunt,
603 1392 649 1456 ita
672 1411 796 1476 qnoque
820 1413 874 1458 vos
896 1393 1001 1471 decet,
1025 1393 1150 1458 etiamsi
1173 1394 1275 1459 modi-

118 1519 193 1564 cum
215 1497 376 1564 haberetis
398 1518 456 1562 nec
479 1496 526 1560 ita
546 1500 711 1579 potentem
733 1495 905 1574 Cesaram,
933 1496 1045 1580 juvare
1078 1497 1171 1563 illum
1203 1521 1274 1584 ope,
1367 1556 1371 1564 .

118 1603 255 1668 coneilio
278 1607 310 1668 et
333 1600 510 1686 diligentie,
534 1601 567 1664 in
591 1600 685 1665 rebus
708 1601 856 1666 omnibus
880 1602 919 1666 ad
942 1601 1068 1686 imperii
1084 1603 1275 1688 dignitatem

116 1708 366 1793 pertinentibus.
399 1705 437 1770 In
460 1705 548 1770 omni
561 1703 696 1789 Europa,
720 1708 753 1770 et
777 1705 837 1770 hoc
858 1711 978 1784 nostro,
1002 1729 1095 1791 quern
1119 1709 1275 1789 novimus,

116 1818 279 1878 terrarum
311 1811 408 1888 orbe,
443 1809 532 1876 nulla
562 1813 611 1874 eet
637 1809 815 1893 ejusmodi,
848 1811 951 1894 qualis
982 1833 1038 1895 per
1061 1811 1274 1893 Germaniam,

116 1917 425 2002 reipublicaeforrna.
461 1915 547 1992 Quot
569 1915 655 1978 enim
677 1919 754 1980 sunt
776 1914 936 1999 principes
958 1937 994 1982 ac
1016 1916 1171 1997 civitatee,
1195 1919 1272 1984 coti-

116 2023 192 2088 dem
215 2022 364 2087 ridentur
387 2041 452 2086 ease
474 2041 563 2105 reges
585 2023 683 2103 atquc
706 2019 828 2102 capite?
864 2017 957 2084 Nihil
987 2019 1088 2106 igitur
1121 2025 1170 2088 eet
1199 2045 1274 2108 pro·

116 2127 232 2194 cliviae
248 2149 345 2211 qnam
360 2130 398 2190 nt
413 2125 487 2190 telis
502 2123 681 2208 republica
693 2128 794 2202 nutet,
810 2125 1004 2210 languescat,
1022 2124 1063 2208 [L
1072 2125 1122 2210 iij]
1137 2126 1275 2194 intereat

118 2236 152 2298 et
188 2232 364 2298 collabatur
398 2233 484 2308 tota,
515 2228 769 2312 qnandoquidem
792 2229 852 2294 hoc
873 2229 923 2294 illi
946 2231 1111 2315 proprium
1135 2235 1204 2312 eet,
1238 2237 1275 2300 ut

690 2348 708 2386 ηι

116 2463 180 2507 vnn
203 2444 301 2506 niiten
323 2439 411 2518 acin,
444 2437 512 2502 sich
535 2439 632 2522 ganta
654 2457 716 2501 ron
738 2437 784 2501 im
805 2437 1045 2519 abadeiindern,
1079 2439 1112 2504 in
1137 2438 1190 2505 fur
1213 2439 1273 2506 den

116 2549 157 2612 nd
180 2543 301 2623 halten,
324 2543 380 2608 der
402 2564 436 2606 er
457 2540 511 2620 iet,
538 2540 619 2606 noch
642 2541 688 2606 im
710 2541 778 2606 sein
801 2541 1010 2609 onchristlich
1033 2539 1139 2610 wdten
1163 2544 1214 2610 nit
1236 2549 1275 2610 ad

117 2653 298 2738 geetatten,
329 2647 444 2714 eonder
466 2649 528 2711 mit
550 2646 645 2711 nllem
667 2651 756 2712 emet
778 2650 816 2713 nd
840 2669 1011 2734 crneygen,
1042 2651 1096 2714 das
1119 2671 1153 2714 er
1175 2649 1274 2716 deren

116 2755 212 2833 chnr,
241 2755 289 2819 ale
311 2775 371 2838 eyn
394 2751 519 2817 rechter
540 2752 786 2838 widerwertigcr
809 2750 910 2818 Getis.
958 2752 1080 2819 Hiemit
1102 2755 1206 2821 thnnd
1228 2775 1270 2820 cn

117 2858 249 2937 zweiiel,
273 2857 337 2922 coc
359 2857 429 2921 dem
447 2855 564 2934 Herrn,
588 2857 624 2922 Ε.
641 2856 696 2922 Oh.
720 2858 785 2922 und
800 2856 835 2922 F.
854 2857 890 2922 G.
916 2857 968 2922 ein
991 2865 1149 2945 angendm
1171 2857 1272 2945 epfer,

117 2963 185 3030 und
207 2963 332 3028 werden
355 2963 408 3028 dee
430 2963 481 3028 bai
504 2964 572 3028 iren
600 2963 859 3028 nachlrcmenden
889 2985 991 3048 eynen
1022 2965 1143 3051 ewigen
1175 2964 1270 3032 rhem

117 3069 185 3134 und
207 3067 437 3154 dancksagung
459 3067 571 3133 haben.
611 3066 690 3132 con
711 3067 766 3132 der
789 3066 872 3132 Herr
895 3069 1013 3134 drewet
1035 3090 1093 3154 gar
1115 3070 1268 3136 ernatlich

117 3174 353 3260 denjhenigen,
386 3195 421 3238 eo
451 3175 486 3238 in
517 3195 574 3238 vor
602 3174 663 3238 den
693 3174 860 3238 menschen
884 3173 1086 3258 verleugnen.
1133 3173 1207 3239 Wie
1229 3175 1273 3240 vil

117 3281 209 3345 mehr
231 3279 298 3344 will
321 3300 354 3343 er
378 3279 461 3344 dann
485 3300 547 3345 von
570 3278 672 3344 denen
695 3278 814 3343 bekant
836 3278 914 3357 eain,
938 3279 1040 3365 denen
1063 3298 1096 3342 er
1117 3278 1192 3344 land
1209 3277 1273 3344 und

115 3387 184 3451 lent
208 3382 363 3449 bevolhen
385 3383 451 3463 hat,
476 3383 681 3468 dieeelbigen,
703 3385 755 3448 nit
777 3383 883 3470 alleyn
906 3384 940 3448 in
955 3384 1017 3450 neit
1032 3382 1042 3420 ¹
1058 3383 1122 3449 und
1140 3383 1269 3470 burger-

116 3488 221 3556 lichen
247 3487 363 3554 sachcn
385 3491 424 3553 nri
446 3488 601 3574 regieren,
626 3488 691 3554 und
707 3510 764 3554 vor
781 3489 898 3574 gewalt
913 3491 952 3553 nri
975 3488 1173 3566 beachdtcen,
1197 3509 1271 3553 eon-

117 3595 172 3660 der
195 3593 276 3658 auch
301 3594 345 3658 im
367 3615 477 3678 nnang
500 3597 538 3658 cd
561 3592 681 3658 halten.
720 3592 794 3658 Und
817 3591 994 3679 fflreehnng
1016 3597 1054 3658 zd
1076 3589 1194 3672 thirn⁸,
1219 3593 1274 3657 dae

116 3699 162 3766 aie
184 3719 246 3785 eyn
269 3698 363 3764 erbar
385 3698 476 3764 leben
500 3693 612 3778 feren,
636 3699 702 3764 und
725 3699 787 3763 mit
808 3699 927 3784 keyner
950 3697 1092 3763 inlachen
1115 3697 1180 3762 lere
1204 3717 1273 3760 vcr-

115 3801 202 3870 fdret
236 3803 385 3870 werden?
433 3803 471 3870 In
503 3805 645 3870 walchen
681 3806 799 3892 dingen
823 3804 859 3871 E.
884 3805 940 3872 Ch.
971 3805 1037 3869 und
1060 3803 1094 3868 F.
1121 3801 1157 3868 G.
1191 3801 1273 3867 auch

117 3910 206 3976 desto
229 3915 380 3995 griiseern
402 3911 475 3976 fleiss
498 3910 563 3975 und
586 3911 754 3976 anfsehens
777 3911 877 3976 cellen
907 3910 1031 3988 haben,
1062 3907 1183 3974 dieweil
1206 3907 1273 3973 die·

114 4015 245 4100 jhenen,
268 4037 304 4080 eo
327 4015 395 4082 nich
412 4017 466 4082 der
481 4017 621 4082 Kirchen
641 4011 827 4094 berhdnren,
851 4017 911 4082 den
934 4021 1082 4102 grtesern
1107 4012 1196 4098 they]
1218 4011 1273 4078 der

115 4120 379 4207 goechicklicheit
401 4121 451 4186 nit
473 4122 573 4200 seind,
597 4123 653 4188 dae
676 4123 724 4189 eie
746 4144 779 4187 es
794 4122 946 4201 kdndten,
970 4120 1051 4186 noch
1067 4121 1120 4184 dee
1136 4115 1272 4206 gemite,

690 4261 705 4292 Ι

185 4349 199 4402 l
222 4345 383 4402 zeitlichen.
454 4347 471 4402 2
495 4388 502 4416 ,
522 4347 580 4402 und
598 4343 631 4402 nd
649 4347 787 4404 flimehcn.
