3082 4938
639 333 701 397 aot

112 506 220 570 ararit.
262 504 335 572 Non
357 506 505 591 ignoras,
539 527 634 590 quam
664 504 839 570 liberaliter
867 503 993 588 ipsum,
1026 501 1187 586 captivum
1210 506 1243 568 et

112 609 178 674 belli
194 610 260 692 jure
290 615 382 676 hrum
409 609 551 692 iactum,
585 611 618 674 in
652 609 822 694 pristinum
852 607 955 672 locum
988 611 1021 671 et
1051 608 1242 694 dignitatem

113 713 279 790 restitueris,
294 715 491 799 quantopere
506 713 592 778 illios
606 734 656 778 res
673 733 781 778 omnes
797 713 859 777 tibi
873 732 955 776 oorae
970 710 1100 789 fuerint,
1117 713 1243 796 quando

114 815 311 898 pacificatione
331 818 419 882 faeta
442 839 513 882 eum
537 815 712 882 Galliarum
735 838 810 902 rege
831 814 1057 900 promittebas,
1091 810 1124 880 te
1146 817 1242 882 simul

113 923 254 1004 stragem
274 921 405 987 daturos
427 942 588 1006 operam,
603 925 639 987 ut
661 921 777 1006 oppida
809 919 971 1004 qumdam,
1002 940 1072 1004 qum
1094 920 1243 987 dicuntur

114 1023 147 1088 od
166 1024 290 1090 eeclesia
305 1025 460 1091 Romana
474 1027 702 1110 patrimonium
727 1027 896 1111 portinere,
917 1023 1065 1090 manibus
1083 1045 1242 1109 possesso·

113 1150 175 1192 rum
194 1135 310 1215 erepto,
346 1130 557 1196 restitueretis
578 1131 707 1196 eisdem.
752 1129 952 1208 Meministi,
986 1134 1107 1214 quanta
1129 1130 1190 1194 fide
1211 1137 1245 1194 et

114 1232 262 1320 diligentia
278 1235 401 1320 juveris
423 1235 527 1320 ipsum
558 1257 594 1300 eo
625 1235 727 1313 bello,
757 1235 840 1318 quod
864 1236 897 1298 iu
920 1233 1122 1300 Florentinos
1144 1235 1245 1300 movit

113 1337 341 1404 amrbisaimum.
387 1337 594 1418 Recordaris,
629 1361 691 1424 quo
722 1337 917 1423 t'em[S]pore
946 1339 1125 1404 Germanias
1153 1337 1244 1422 prin·

112 1442 184 1526 elpes
210 1464 245 1508 ae
272 1443 401 1508 ordines
423 1443 609 1528 gravissime
632 1442 905 1528 oonquersbantur
934 1443 973 1508 ds
994 1443 1245 1510 Romaueusium

113 1547 231 1612 avaritia
251 1553 283 1612 et
304 1547 494 1632 tyrannide,
526 1570 596 1614 eum
628 1569 755 1627 eorum,
789 1569 859 1632 quae
882 1547 1052 1634 oupiebant
1074 1549 1244 1629 emendari,

113 1651 220 1736 sapito,
244 1653 363 1738 scripto
386 1653 627 1736 eomprehensa,
658 1653 819 1738 pontificis
841 1653 948 1740 legato
970 1652 1188 1720 exhibuissent
1210 1654 1244 1719 iu

114 1757 224 1839 publico
245 1757 372 1842 imperii
394 1758 543 1838 domitio,
575 1762 724 1842 tuamque
746 1758 840 1822 fidem
863 1758 960 1823 etiam
983 1757 1017 1822 in
1047 1779 1100 1837 eo,
1131 1757 1244 1841 Caesar,

114 1861 331 1946 implorassent,
352 1863 538 1944 recordaris,
560 1864 700 1948 inquam,
721 1870 759 1928 ut
780 1863 814 1927 in
837 1864 974 1950 gratiam
995 1864 1156 1948 pontifiois
1178 1865 1246 1931 haeo

114 1967 206 2032 omnia
226 1968 456 2048 dissimulatis,
490 1969 572 2034 aaut
599 1970 634 2034 in
657 1969 794 2053 quodam
816 1973 872 2034 tuo
893 1969 1013 2053 scripto
1034 1967 1145 2034 fateris
1167 1969 1244 2054 ipae.

113 2070 177 2138 Non
197 2075 308 2141 excidit
332 2074 403 2156 tibi,
427 2097 522 2161 quam
543 2075 646 2141 multa
667 2097 726 2161 pro
748 2075 905 2160 dignitate
919 2075 985 2158 ejus
1001 2074 1119 2139 tuenda
1134 2073 1244 2138 feeerit

115 2176 143 2241 iu
162 2179 287 2246 comitiis
311 2179 522 2265 Augustauis.
558 2179 690 2246 Haerent
711 2180 815 2246 adhue
835 2181 981 2266 impressi
1004 2181 1038 2244 in
1061 2180 1168 2244 animo
1189 2183 1246 2244 tuo

116 2305 256 2352 oermones
285 2286 360 2364 illi,
394 2285 491 2352 dubio
523 2286 655 2371 procul,
688 2307 784 2370 quos,
817 2285 1027 2351 eGermania
1048 2305 1189 2348 reversus
1212 2285 1247 2348 in

117 2383 237 2468 ltaliam,
257 2390 330 2455 inde
354 2389 562 2476 navigaturus
585 2390 618 2454 iu
642 2389 824 2475 Hispanias,
848 2411 919 2456 eum
942 2411 979 2454 eo
1001 2388 1168 2454 contulisti
1183 2387 1247 2452 Bo-

118 2493 208 2558 nonia
228 2495 262 2560 de
283 2495 416 2580 publioo
444 2495 610 2561 indicendo
641 2495 783 2562 coneilio.
829 2493 904 2560 Non
935 2499 968 2558 te
997 2493 1103 2578 fugit,
1137 2513 1246 2577 qnem-

114 2595 264 2664 sdmodmu
287 2600 343 2664 ille
366 2603 439 2684 post
462 2599 543 2664 hane
565 2599 806 2664 collocutionem
828 2599 871 2663 sit
893 2597 1053 2683 profectus
1071 2595 1248 2660 Massiliam

113 2702 201 2766 stibi
222 2725 308 2768 suam
331 2709 460 2788 neptem
483 2706 517 2769 in
540 2705 780 2770 matrimonium
802 2703 933 2768 dederit.
971 2701 1041 2767 Hoo
1062 2722 1102 2766 an
1127 2700 1247 2780 feeerit,

114 2825 168 2888 quo
187 2809 434 2891 pmifioationem
456 2812 541 2875 inter
563 2815 595 2874 te
611 2809 785 2894 Galliaque
807 2829 925 2894 regem,
948 2806 1102 2892 proximis
1125 2806 1248 2889 aliquot

113 2911 195 2974 aonia
216 2913 346 2993 initam,
380 2915 597 2994 oonfirmaret,
629 2936 667 2980 ao
688 2915 849 2999 publicam
871 2914 957 2980 orbis
980 2913 1247 2997 tranquillitatem

665 3037 684 3076 ss

112 3122 283 3202 restitoiert,
307 3125 366 3190 wie
388 3124 424 3188 Id
448 3125 492 3190 M.
516 3126 580 3191 uod
602 3125 656 3191 der
674 3125 781 3210 Kdnig
803 3147 859 3190 aus
875 3123 1095 3202 Franehreieh,
1119 3123 1152 3186 iu
1175 3122 1245 3187 iren

113 3231 267 3316 vertrdgen
290 3231 358 3296 sieh
382 3229 563 3294 verbunden
586 3231 629 3294 im
652 3235 691 3296 ad
707 3231 833 3308 helffen,
859 3231 922 3294 und
942 3228 1087 3295 beistand
1102 3231 1140 3292 zit
1156 3227 1248 3306 rhun,

112 3331 216 3398 etliehe
237 3339 328 3413 stau,
349 3336 406 3399 der
421 3333 611 3400 Ilbmisohen
631 3335 762 3400 kirchen
785 3335 967 3420 adgeh'drig,
992 3332 1165 3398 widerumb
1188 3352 1248 3397 von

112 3437 165 3502 den
185 3439 412 3520 einhabeudeu,
434 3445 472 3506 ab
494 3441 658 3518 behemen,
682 3441 741 3506 wis
754 3441 791 3505 Ε.
808 3439 852 3504 Μ.
876 3442 918 3504 im
936 3441 1032 3504 wider
1050 3439 1100 3503 die
1118 3438 1142 3502 F
1144 3437 1246 3502 loren-

112 3540 194 3622 tiner,
217 3545 409 3611 merokliehe
429 3545 504 3610 hilff
522 3546 587 3610 und
609 3543 761 3612 fdrsohub
781 3545 912 3630 gethan,
934 3544 1009 3610 Wie
1023 3543 1059 3609 Ε.
1076 3543 1121 3608 Μ.
1144 3543 1189 3606 im
1211 3545 1250 3608 ad

112 3651 173 3729 ssht,
194 3650 247 3714 das
271 3650 515 3736 Augspurgisoh
538 3651 640 3728 uniet,
663 3671 766 3736 gagen
789 3651 856 3715 dise
879 3652 960 3728 lere,
993 3647 1249 3734 ausgesohribeu,

114 3747 178 3818 wie
198 3749 231 3818 n
254 3753 298 3820 ld.
323 3755 386 3818 mit
408 3755 469 3834 im,
493 3755 546 3820 des
567 3755 690 3820 conciti
712 3755 828 3820 halben
851 3754 1008 3818 mdntlioh
1031 3755 1096 3818 oud
1119 3773 1250 3838 person·

29 3907 30 3930 ,
113 3855 170 3920 liclr
190 3859 370 3944 gehandelt,
395 3860 509 3924 wiser
533 3860 702 3945 volgends,
726 3859 791 3924 und
818 3860 868 3925 nit
889 3859 966 3945 lang
989 3859 1067 3923 nach
1091 3856 1250 3942 gehabten

112 3965 272 4046 gespreoh,
307 3965 412 4050 gehen
435 3963 597 4029 Massilien
622 3966 655 4029 in
680 3963 892 4029 Franelrreioh
921 3964 1033 4042 reiset,
1068 3963 1133 4028 und
1164 3961 1251 4025 seina

113 4063 204 4132 Nicht
226 4069 365 4136 daselbst
387 4069 554 4135 verheirat.
599 4069 648 4134 Ob
682 4091 716 4134 er
744 4091 788 4134 nu
819 4070 853 4132 in
884 4067 1050 4152 ansehung
1073 4066 1167 4132 deren
1191 4065 1250 4130 vil-

114 4167 245 4260 ieltlgeu,
269 4197 331 4242 son
347 4175 383 4240 E
402 4175 444 4242 M.
469 4177 703 4261 entpsangeuen
727 4173 999 4254 freuntsohafften,
1022 4173 1088 4238 und
1111 4173 1171 4238 den
1192 4171 1251 4236 fri·

115 4275 166 4342 den
187 4279 340 4346 zwisehen
365 4279 400 4344 R
425 4280 535 4346 beiden
558 4279 601 4347 M.
627 4279 862 4366 anffgerichtet,
885 4283 924 4344 od
946 4278 1146 4364 bevestigen,
1170 4275 1252 4341 anuh

117 4384 254 4472 solgeads
276 4388 333 4454 das
357 4387 533 4454 Concilium
555 4387 753 4465 anatiahen,
787 4385 892 4452 solehs
921 4384 1041 4472 gethan
1072 4383 1146 4465 hat,
1178 4383 1252 4448 oder
