3074 4952
787 350 858 434 226,

242 527 458 592 sanctimonie
481 527 615 610 speeiem
637 527 698 591 sibi
721 530 934 612 sumpserunt,
959 529 1005 590 ita
1024 527 1161 610 quidem,
1186 531 1222 592 ut
1247 525 1390 592 homines

242 634 378 698 maxime
400 633 604 718 religiosum,
636 633 779 697 divinum
809 637 841 696 et
870 635 1104 698 sacrosanctum
1128 653 1196 696 esse
1218 632 1389 710 crederent,

241 737 390 820 quiequid
414 737 454 800 ab
478 738 522 801 eis
545 741 714 802 emanaret.
761 737 826 804 Sub
855 737 915 802 hoc
944 741 1147 823 tegumento,
1181 737 1329 821 luporum
1359 741 1390 802 st

240 843 383 927 vulpium
400 842 536 906 indolem
552 843 722 928 diligenter
738 847 977 926 expresserunt:
1002 843 1144 908 insidiati
1166 846 1251 920 sunt,
1275 845 1309 907 et
1323 863 1390 906 om·

240 951 329 1014 nium
352 947 489 1011 fortunis
513 945 687 1026 inhiarunt,
712 951 888 1031 rapuerunt
910 947 950 1010 ad
973 969 1007 1011 se
1023 947 1172 1031 quicquid
1187 947 1314 1032 uspiam
1329 945 1392 1011 fuit

241 1052 411 1130 bonorum,
443 1073 501 1116 neo
524 1051 607 1115 ullus
629 1053 678 1116 est
700 1052 804 1116 nostri
827 1053 953 1136 quidem
976 1051 1062 1116 orbis
1084 1056 1218 1136 populus
1241 1053 1318 1118 adeo
1340 1074 1391 1116 re·

240 1161 345 1221 motus
368 1158 401 1220 et
423 1157 626 1241 longinquus,
650 1157 705 1240 qui
729 1179 792 1221 non
816 1156 950 1220 senserit
972 1178 1078 1221 eorum
1099 1156 1315 1241 rapacitatem,
1338 1178 1390 1222 ve-

240 1262 301 1326 luti
324 1263 535 1328 calamitatem
560 1260 718 1345 quandam
741 1261 858 1344 ubique
880 1265 1079 1346 grassantem
1113 1268 1145 1326 et
1176 1283 1284 1328 omnes
1318 1281 1390 1346 per-

241 1369 406 1432 vadentem
429 1389 534 1452 agros.
580 1366 752 1449 Postquam
784 1388 867 1444 vero,
898 1365 1093 1450 temporibus
1123 1369 1229 1444 aucti,
1264 1364 1392 1430 divilias

240 1494 311 1537 eum
341 1472 490 1556 opinione
522 1470 686 1556 religionis
717 1471 971 1554 conjunxissent,
1007 1476 1084 1536 tunc
1118 1493 1155 1536 ex
1190 1471 1289 1537 animi
1317 1473 1392 1536 roto

240 1581 400 1643 cessemnt
415 1577 481 1642 illis
497 1577 612 1640 omnia.
645 1575 809 1655 Fecerunt,
835 1577 917 1660 quod
933 1577 1037 1641 solent
1054 1576 1199 1641 homines
1213 1573 1392 1640 ambitiosi:

241 1703 352 1766 regum
375 1703 409 1745 se
431 1681 601 1746 foederibus
623 1681 818 1761 munierunt,
842 1687 873 1747 et
895 1682 954 1747 hoc
977 1683 1137 1747 consecuti
1161 1685 1256 1760 sunt,
1279 1683 1316 1744 ut
1337 1699 1389 1744 co-

241 1787 350 1848 lantur
372 1785 412 1849 ab
435 1787 582 1850 omnibus
605 1791 636 1852 et
667 1787 881 1864 celebrentur;
916 1789 1040 1852 etiamsi
1072 1785 1252 1872 temlpestas
1283 1783 1392 1866 aliqua

240 1892 397 1968 nascatur,
421 1911 491 1972 quse
514 1890 717 1975 naufragium
740 1892 889 1971 minetur,
912 1913 982 1956 eam
998 1915 1031 1958 se
1046 1895 1163 1976 putant
1176 1894 1285 1955 tamen
1299 1887 1392 1953 fran-

240 2015 314 2079 gere
336 2015 428 2077 posse
450 1994 501 2058 vel
523 1995 680 2080 mitigare,
705 1996 856 2079 quamdiu
878 2018 942 2060 non
968 1996 1183 2061 destituentur
1211 2016 1306 2059 curso
1321 1993 1392 2058 dno

238 2099 338 2164 clavo.
371 2101 533 2176 Quantum
549 2100 587 2164 ad
604 2100 746 2164 futuram
761 2104 798 2165 et
820 2105 1005 2186 perpetuam
1028 2100 1127 2166 vitam
1150 2101 1276 2179 attinet,
1300 2097 1390 2184 cogi·

240 2208 320 2283 tant,
345 2207 382 2268 ut
403 2205 449 2269 ait
472 2204 537 2282 ille,
560 2205 610 2269 vel
626 2226 689 2268 uon
706 2225 773 2269 esse
788 2203 890 2269 Deum
907 2206 955 2270 vel
971 2225 1036 2269 non
1060 2206 1215 2288 respicere
1237 2204 1387 2269 hnmana.

239 2307 350 2392 Neque
373 2311 455 2374 enim
481 2311 596 2375 desunt
617 2309 667 2374 his
690 2310 894 2393 temporibus,
918 2313 950 2374 et
973 2315 1047 2375 sunt
1063 2310 1199 2376 fortasse
1213 2332 1278 2376 non
1295 2309 1390 2394 pauci

239 2413 357 2493 Romae,
383 2415 438 2498 qui
461 2418 586 2498 putant,
611 2415 735 2478 nullum
758 2436 824 2478 esse
846 2413 959 2479 Deum.
994 2414 1147 2500 Cuperem
1170 2437 1238 2482 esse
1261 2416 1390 2495 falsum,

807 2536 824 2576 a

239 2623 406 2708 beiligleit
428 2647 468 2688 an
492 2625 536 2688 im
558 2625 709 2708 gestiebat
731 2625 805 2703 hat,
832 2624 908 2690 aber
931 2624 1031 2688 under
1053 2625 1151 2690 diaem
1174 2625 1299 2705 sohein,
1335 2627 1394 2692 hat

239 2753 272 2794 er
295 2730 344 2794 die
366 2729 474 2793 fuschs
496 2729 562 2793 und
585 2730 736 2794 wolffsart
759 2730 953 2794 meisterlioh
975 2730 1158 2828 gebraucht,
1182 2730 1240 2794 hat
1254 2730 1332 2796 alles
1347 2753 1389 2796 an

237 2832 306 2897 sich
329 2832 441 2897 bracht
464 2834 528 2896 und
551 2837 709 2919 gerissen,
743 2859 807 2900 was
829 2859 891 2900 nur
914 2836 1022 2921 fulgen
1046 2836 1161 2901 mocht.
1208 2835 1280 2901 Und
1305 2837 1388 2902 nach

239 2939 308 3002 dem
332 2959 364 3002 er
388 2938 446 3002 deu
476 2942 592 3023 gewalt
625 2941 689 3004 und
721 2962 795 3026 gros
828 2941 1028 3018 reiehthum,
1060 2942 1121 3005 mit
1151 2941 1223 3013 dem
1256 2941 1390 3027 rorigeri

237 3041 345 3107 sehein
369 3044 423 3107 der
445 3043 595 3108 fromkeit
617 3049 763 3109 adsumen
785 3045 916 3130 gathon,
940 3047 980 3110 da
1000 3048 1042 3110 ist
1065 3068 1097 3110 es
1119 3046 1163 3109 im
1187 3045 1267 3110 nach
1292 3046 1389 3110 ellam

223 3148 384 3226 'wunsch,
416 3149 480 3212 und
504 3148 588 3212 seins
612 3149 739 3213 hertzen
762 3149 829 3214 lust
850 3171 988 3236 gangen.
1033 3149 1074 3214 So
1097 3149 1155 3212 hat
1177 3171 1211 3213 er
1235 3149 1315 3214 auch
1338 3149 1391 3214 die

237 3253 351 3332 mittel,
376 3253 526 3329 ndmlich,
551 3253 649 3316 durch
672 3256 732 3337 gut
755 3253 818 3317 und
841 3253 1054 3331 reiohthnmb,
1078 3255 1185 3317 seinen
1209 3253 1326 3338 gewalt
1348 3258 1389 3320 ali

237 3358 381 3422 stercken
404 3359 470 3423 und
492 3362 530 3424 ari
552 3358 707 3437 erbalten,
732 3359 792 3422 wol
815 3359 973 3443 angelegt,
989 3359 1055 3422 ‘hat
1078 3359 1144 3422 sich
1161 3359 1223 3421 mit
1238 3355 1388 3442 Kbnigeu

237 3465 300 3527 und
327 3464 514 3528 Potentaten
538 3463 753 3528 allenthalben
777 3464 975 3542 verbunden,
1009 3485 1042 3528 es
1075 3463 1132 3526 bat
1161 3464 1205 3526 im
1229 3463 1280 3526 ein
1303 3462 1391 3526 leder

236 3567 351 3632 hofiert
373 3569 437 3632 und
461 3569 712 3654 gesohmeiclrlet.
760 3568 831 3632 Und
865 3593 914 3634 wa
942 3574 1087 3633 eraeetwa
1116 3571 1284 3654 gebngstet
1305 3567 1390 3646 wirt,

238 3694 271 3736 so
293 3671 349 3736 bat
372 3695 406 3736 er
428 3672 572 3738 dannoch
596 3674 664 3737 sein
697 3674 799 3738 sclraff
828 3675 1006 3738 dermasaen
1043 3673 1234 3758 gesclroren,
1268 3672 1325 3736 das
1357 3693 1392 3736 er

238 3775 391 3840 verhoffet
420 3777 699 3856 durchzuueissen,
731 3801 766 3843 so
797 3780 874 3864 lang
905 3800 939 3843 er
969 3783 1079 3843 miintz
1107 3781 1291 3842 zdrdsetzen
1322 3775 1389 3842 bat.

237 3881 277 3945 So
300 3882 344 3946 vil
366 3883 421 3947 das
443 3879 583 3969 ktnfftig
605 3884 696 3950 leben
719 3885 865 3969 angehet,
889 3885 1023 3949 dencket
1038 3905 1081 3961 er,
1106 3883 1163 3946 wie
1175 3881 1289 3965 jheuer
1303 3883 1389 3965 sagt,

237 3987 394 4051 entrreder
417 4009 449 4050 es
472 3989 517 4052 sei
539 3991 612 4054 kein
630 3989 702 4068 Get,
726 3991 800 4054 oder
823 3991 868 4054 sei
892 3991 988 4067 einer,
1013 4011 1047 4052 so
1072 3982 1240 4052 belrirmere
1262 4007 1296 4048 er
1319 3985 1390 4050 sich

237 4091 315 4155 doch
338 4093 386 4155 nit
410 4093 486 4157 umb
509 4096 722 4160 meusclrliehe
744 4095 831 4180 ding.
878 4094 971 4159 Denn
994 4115 1026 4158 es
1050 4094 1092 4156 ist
1116 4092 1166 4154 nit
1188 4111 1223 4154 so
1245 4111 1304 4175 gar
1327 4089 1391 4154 scl-

236 4199 319 4258 tzam
340 4198 379 4258 zrl
401 4195 511 4274 boren,
536 4200 590 4264 das
613 4199 694 4264 noch
717 4200 844 4284 heutigs
867 4203 939 4283 tags
963 4199 1004 4261 im
1027 4195 1241 4260 christlichen
1263 4195 1392 4260 bezirclr

237 4301 282 4381 (ja
298 4299 426 4364 vileiobt
441 4307 478 4366 all
496 4303 592 4388 Rom)
616 4304 729 4367 etlielre
752 4304 797 4368 vil
820 4305 875 4367 der
892 4302 1105 4366 Heirlnisehen
1130 4299 1283 4384 meinung
1306 4301 1390 4380 sind,

237 4407 292 4470 das
315 4404 387 4468 lrein
413 4407 476 4470 (lot
498 4409 551 4470 sei.
584 4407 673 4472 Wolc
696 4430 728 4470 es
750 4429 828 4492 geru
852 4409 986 4492 gelogen
1010 4406 1123 4483 haben,
1146 4405 1222 4470 aber
1245 4404 1275 4469 ir
1296 4405 1390 4471 leben
