3160 4960
716 341 756 404 15

160 513 351 600 spernimus,
375 533 446 578 cum
469 513 676 592 transierunt
700 533 764 578 non
788 511 938 578 dolemus.
984 511 1090 599 Igitur
1106 513 1188 598 quod
1205 516 1312 580 tamen

161 617 272 705 diligis
294 617 389 683 laudo
411 621 461 696 te,
495 617 550 681 sed
581 617 656 701 quia
679 617 784 682 lunari
807 616 927 681 lumine
948 617 1097 682 mutabili
1119 617 1251 695 frueris,
1280 619 1314 682 te

160 745 228 790 non
250 722 354 788 laudo.
400 720 470 787 Hoc
492 721 576 786 onim
610 743 680 786 sero
706 721 785 786 lana
813 721 909 806 plena
937 721 1073 799 laetaris,
1105 744 1141 787 ao
1170 721 1316 806 sequenti

162 849 292 913 vespere
314 827 505 892 tristaberis.
551 823 753 911 Impossibile
775 847 913 910 namque
928 830 1095 892 estamato
1109 827 1234 912 perdito
1249 847 1314 892 uon

135 932 287 1011 adolere,
318 936 351 996 et
378 932 424 996 sie
451 930 526 1015 quid
555 929 617 994 tibi
650 929 811 996 residuum
840 929 902 994 erit
935 930 973 994 ds
1003 933 1166 1014 preterito
1188 931 1314 1017 gaudio,

164 1038 228 1102 nisi
257 1057 394 1122 praeseus
428 1035 541 1100 dolor?
574 1035 726 1100 Amatam
758 1034 913 1119 siquidem
948 1034 1034 1118 rapit
1064 1057 1167 1102 secum
1198 1037 1316 1120 ubique

163 1143 319 1230 gaudium
342 1145 374 1206 et
396 1141 480 1206 idem
503 1161 575 1205 cum
589 1139 765 1218 transierit,
787 1139 956 1205 morlines
972 1140 1038 1224 ejus
1053 1147 1185 1226 occupat
1200 1142 1315 1207 luctus.

170 1253 324 1314 Attamen
345 1268 410 1311 non
434 1249 482 1310 est
504 1245 657 1329 sapientis
679 1244 826 1330 gaudere,
848 1249 886 1308 ut
908 1245 1029 1325 doleat,
1051 1247 1105 1311 sed
1128 1247 1166 1311 ad
1190 1251 1316 1332 tempus
1370 1329 1376 1342 .

166 1354 284 1440 lugere,
301 1349 613 1436 utsempiternaliter
622 1350 767 1435 gaudeat.
797 1348 914 1414 infelix
924 1349 1043 1435 quippe
1051 1355 1099 1416 est
1111 1351 1316 1416 conrmutstio

125 1479 151 1517 1⁰
164 1461 203 1526 de
222 1458 421 1544 jucunditate
442 1455 476 1520 iu
500 1455 638 1532 luctum,
672 1454 710 1518 de
738 1454 862 1539 gemitu
885 1474 958 1518 vero
989 1457 1194 1520 commutatio
1223 1456 1316 1522 beata

164 1565 200 1629 in
223 1561 383 1649 gaudium.
430 1559 565 1644 Propter
610 1559 704 1644 quod,
727 1559 907 1636 carissima,
940 1563 975 1624 ut
1006 1564 1062 1625 tua
1092 1562 1136 1627 sit
1164 1561 1317 1648 gaudiosa

165 1667 293 1735 dileetio
323 1671 355 1732 et
377 1665 489 1731 fruitio
512 1663 727 1749 permansiva,
757 1663 846 1728 illam
877 1663 1044 1730 dumtaxat
1077 1665 1178 1731 lucem
1201 1667 1316 1754 diligas

162 1795 202 1839 aa
224 1793 260 1837 ea
283 1771 410 1848 fruaris,
435 1790 506 1855 quae
529 1760 694 1846 durabilis,
717 1767 916 1834 invariabilis
939 1773 1035 1854 atquo
1055 1793 1187 1838 summa.
1232 1771 1316 1839 Nam

165 1878 254 1963 eujus
276 1877 323 1942 rei
346 1876 444 1941 hum
476 1879 526 1940 est
555 1874 697 1952 bonum,
728 1875 795 1958 ejus
825 1874 1055 1959 sempiternum
1077 1881 1126 1942 est
1156 1879 1317 1963 gaudium,

125 2003 152 2042 rs
167 1985 200 2048 et
222 1982 310 2066 cujus
332 1980 473 2046 fruibilis
496 1983 612 2044 natura
633 1983 736 2044 estet
762 1979 927 2045 fruitionis
961 1980 1088 2046 bonitas
1114 2005 1253 2061 summa,
1286 1986 1319 2048 et

167 2088 255 2154 illius
262 2086 648 2169 sstlaetitiasccuraatque
663 2084 767 2169 plena.
800 2084 933 2169 Propter
940 2086 1115 2152 hooautem
1131 2089 1214 2154 siout
1228 2111 1316 2153 sma-

167 2213 250 2270 mus‚
273 2196 305 2256 et
319 2211 437 2256 sumus.
469 2189 576 2256 Habet
591 2191 674 2255 enim
691 2211 781 2256 amor
803 2191 1001 2256 camelioutis
1023 2193 1210 2273 oontuitum‚
1234 2195 1318 2258 unde

168 2299 341 2364 transimus
364 2318 436 2362 cum
459 2295 576 2380 amatis
599 2299 655 2362 aut
676 2296 828 2376 sistimus,
852 2299 885 2362 st
906 2317 977 2362 cum
1000 2296 1116 2362 eisdem
1141 2297 1318 2364 vilescimus

168 2407 226 2468 aut
251 2402 315 2467 oari
337 2423 457 2469 sumus.
503 2401 563 2468 Sed
586 2401 662 2486 quid
686 2402 810 2488 lugenti
833 2402 1016 2468 camelionti
1038 2402 1076 2468 de
1099 2402 1201 2468 colore
1223 2423 1318 2468 aureo

128 2511 294 2574 ”mutato
326 2507 360 2572 iu
395 2507 518 2573 luteum
549 2529 647 2594 sagax
679 2529 790 2574 corvus
824 2507 1038 2592 responderit,
1076 2530 1140 2572 non
1178 2507 1320 2572 audisti?

169 2609 287 2678 Claude
309 2633 432 2691 aarum,
455 2633 537 2696 poue
552 2614 685 2697 desuper
694 2613 801 2678 lutum
824 2617 857 2678 et
870 2613 909 2678 de
924 2616 1037 2679 aaetero
1052 2613 1185 2698 tepescit
1196 2634 1318 2678 aurum.

169 2715 291 2792 Quibus
312 2717 416 2795 dietis,
439 2719 509 2784 vale
530 2719 744 2804 superaddens
766 2718 903 2786 recessit.

263 2945 343 3012 Ubi
367 2945 496 3013 multa
519 2945 717 3023 consilia,
741 2945 801 3010 ibi
824 2949 923 3011 sunt
945 2945 1079 3010 multa
1101 2943 1220 3009 falsa.

415 3102 472 3168 De
494 3071 677 3169 formica
699 3106 739 3168 et
760 3102 902 3188 vulpe,
925 3124 994 3188 esp.
1024 3107 1070 3168 10.

132 3263 157 3304 as
258 3243 477 3331 congreganti
502 3243 687 3320 materiam,
711 3246 749 3307 nt
771 3242 899 3308 domum
922 3243 984 3307 sibi
1007 3247 1204 3309 construeret
1227 3265 1323 3330 super

171 3354 300 3428 terram,
328 3347 499 3433 vulpeculae
520 3346 653 3412 formica
675 3347 825 3412 obviarit.
871 3345 952 3424 Quid
983 3351 1073 3424 essct,
1098 3349 1180 3431 quod
1204 3353 1321 3433 ageret,

172 3474 229 3519 ave
250 3454 339 3538 prius
362 3452 447 3518 dieto
462 3451 617 3536 quesivit.
656 3450 701 3516 At
713 3451 769 3517 illa
784 3452 965 3536 respondit:
989 3452 1022 3516 in
1039 3452 1180 3518 obscuris
1195 3453 1322 3538 quidem

172 3562 265 3624 terrae
291 3556 435 3623 latibulis
466 3579 503 3622 ac
535 3561 567 3622 et
598 3561 634 3623 tu
664 3561 756 3624 tanto
788 3561 930 3642 tempore
956 3557 1116 3636 habitari;
1145 3558 1238 3623 modo
1261 3557 1325 3623 fert

173 3663 298 3728 animus
321 3662 356 3726 in
379 3661 450 3727 luce
471 3667 539 3727 tam
563 3663 686 3728 euncbs
708 3663 894 3748 yatismma
909 3667 1090 3728 construere
1106 3662 1186 3727 mibi
1202 3663 1321 3729 nidum.

135 3789 161 3827 aa
175 3765 231 3832 Cui
255 3767 390 3832 formica
411 3787 485 3831 mox
509 3767 607 3832 dixit:
634 3767 698 3832 luit
720 3768 780 3833 tibi
804 3767 888 3834 forte
910 3788 1051 3850 uuquam
1073 3770 1242 3834 molestum
1266 3769 1323 3834 ha·

174 3873 348 3938 bitaculmn
370 3873 534 3960 primum?
558 3874 635 3951 Ques
657 3874 719 3940 ait:
743 3895 915 3958 numquam
940 3879 1033 3952 certe,
1058 3873 1112 3938 sed
1127 3873 1324 3938 tutissimum

174 3981 207 4042 et
221 3978 375 4061 quietum,
398 3983 539 4044 attamen
563 3978 602 4044 ad
615 3979 794 4046 novitatem
810 3979 892 4044 hanc
907 3978 1071 4045 dulcedine
1086 3978 1167 4044 lueis
1178 3977 1323 4044 inclinor.

174 4081 233 4148 (rui
255 4081 389 4148 formica
411 4084 593 4168 subjunxit:
621 4085 770 4150 nimirum
795 4085 886 4150 dulos
909 4089 957 4150 est
971 4084 1077 4150 lumen
1094 4089 1126 4148 et
1142 4081 1326 4148 delectabile

174 4186 273 4252 oculis
295 4187 400 4253 videre
422 4188 530 4268 solem,
552 4193 588 4255 ab
609 4190 705 4276 longe
719 4191 822 4276 magis
840 4189 981 4276 sapidior
997 4191 1063 4255 vita
1078 4193 1126 4254 est
1141 4192 1174 4253 st
1188 4189 1324 4255 deleota·

138 4309 163 4349 u
177 4291 271 4358 bilior
293 4315 402 4360 secura
424 4295 532 4379 quies;
564 4295 786 4381 quamobrem,
817 4316 926 4375 soror,
957 4295 1032 4360 licet
1054 4317 1118 4360 non
1142 4295 1202 4360 sim
1223 4299 1325 4374 tanta,

177 4401 215 4464 ut
234 4399 295 4464 sim
318 4400 500 4466 consiliaria
522 4405 586 4468 tuse
606 4401 802 4488 prudentiae,
835 4399 895 4468 hoo
926 4403 1032 4468 umen
1062 4399 1146 4486 quod
1175 4399 1236 4466 tibi
1258 4421 1325 4466 ms·
