3058 4946
782 309 825 373 90

231 481 327 548 Nunc
349 504 443 562 vero,
476 481 502 546 ri
526 485 633 546 tentas
656 481 789 564 injurias
812 485 845 546 et
866 480 1085 559 contumelias,
1112 481 1226 564 quibus
1248 501 1303 546 vos
1325 479 1383 544 ad-

232 586 318 664 fecit,
343 609 537 671 concoquere
559 589 692 671 pctestis
714 591 746 651 et
761 588 875 652 leniter
890 588 1105 671 interpretari,
1129 587 1263 652 nimium
1279 586 1385 666 hercle

234 691 393 775 patienter
418 691 449 756 id
473 690 590 768 facitis,
614 695 647 756 et
668 693 836 756 videndum
862 696 910 756 est
933 691 1032 769 vobis,
1059 713 1099 756 ne
1120 691 1227 774 potius
1249 689 1384 776 ignavia

235 797 279 860 sit
302 797 505 861 tribuendum
528 795 634 874 istud,
658 819 752 880 qnam
776 797 826 861 vel
848 795 1059 860 moderationi
1082 796 1130 860 vel
1152 795 1383 878 temperantiae.

234 900 478 985 Respiciendum
509 905 558 966 est
586 903 671 966 enim
705 924 768 966 non
797 902 899 964 solum
923 901 962 966 ad
987 900 1053 965 haec
1075 900 1178 978 illius,
1209 921 1279 982 qnae
1301 899 1384 962 dixi·

234 1028 314 1084 mus,
338 1007 504 1084 mandata,
534 1005 586 1070 scd
610 1005 814 1089 cogitandum
836 1009 901 1081 est,
932 1005 1007 1087 quid
1038 1005 1240 1068 antecesserit
1269 1025 1323 1080 ca,
1352 1007 1386 1066 ct

234 1111 496 1194 quemadmodum
521 1111 609 1195 prius
632 1109 686 1174 ille
717 1108 888 1174 devastarit
921 1108 1046 1184 omnia,
1077 1131 1171 1192 quam
1195 1110 1256 1174 hue
1278 1109 1384 1190 impu·

235 1215 349 1280 dentice
371 1223 404 1282 ct
426 1215 562 1282 vesanias
585 1215 788 1280 descenderit.
835 1213 1045 1299 Cogitaudum
1068 1215 1181 1292 etiam,
1205 1214 1281 1297 qnid
1303 1234 1386 1297 prae-

234 1323 321 1384 terea
343 1320 485 1386 facturus
509 1320 618 1398 fuerit,
642 1320 704 1384 nisi
727 1318 881 1382 divinitus
907 1319 1036 1382 dctectae
1059 1318 1196 1382 fuissent
1210 1318 1276 1400 ejus
1291 1321 1386 1381 artes.

234 1424 273 1490 Iu
297 1425 410 1508 primis
433 1430 539 1490 autem
563 1424 827 1491 considerandum
850 1427 908 1502 est,
933 1425 1014 1489 hane
1037 1424 1137 1508 ipsius
1161 1423 1327 1488 avaritiam
1350 1426 1385 1486 et

234 1530 443 1612 rapacitatem
467 1531 508 1594 ob
530 1531 637 1595 oculos
660 1529 796 1612 positam
821 1550 887 1592 esse
910 1529 943 1592 in
967 1527 1196 1613 prophetarum
1211 1533 1243 1592 et
1257 1530 1385 1612 aposto·

233 1633 335 1698 lorum
360 1635 556 1719 scri[G]ptie,
580 1635 711 1717 ideoque
734 1655 827 1714 nnnc,
861 1638 1029 1718 postquam
1052 1637 1101 1698 eat
1122 1634 1308 1716 patefactus,
1330 1653 1386 1696 ex·

233 1739 401 1804 ecrandam
431 1741 497 1822 ejus
527 1761 594 1803 esse
626 1761 661 1804 ac
690 1738 792 1802 modis
815 1738 963 1802 omnibus
985 1739 1168 1824 fugiendam
1193 1739 1384 1802 societatem.

234 1841 304 1908 Hoc
337 1844 433 1908 ctiam
467 1851 552 1910 certo
584 1845 804 1921 statuendum,
838 1843 960 1907 nullam
984 1865 1050 1907 rem
1073 1844 1178 1926 piam,
1209 1842 1386 1918 honestam,

235 1949 405 2014 salutarem
429 1954 462 2014 et
483 1949 663 2026 laudatam,
687 1948 832 2031 deinceps
856 1949 896 2014 ab
921 1971 957 2014 eo
981 1948 1216 2034 expectandam.
1262 1947 1387 2012 Inebri-

235 2052 302 2117 avit
323 2053 408 2118 enim
430 2055 538 2122 orbem
562 2059 719 2118 terrarum
745 2053 800 2118 illo
822 2076 878 2119 suo
901 2053 1038 2118 venefico
1058 2059 1089 2119 et
1112 2054 1184 2138 plus
1208 2075 1301 2136 quam
1314 2050 1385 2116 cir-

234 2179 296 2222 eaeo
321 2159 447 2242 poculo,
478 2160 671 2224 dementavit
694 2181 821 2224 omnem
844 2158 1022 2244 Europam,
1054 2164 1087 2224 et
1113 2179 1216 2224 meras
1240 2157 1385 2222 instituit

233 2261 440 2341 idololatrias,
464 2265 530 2347 ipse
552 2266 682 2330 interim
705 2287 768 2329 non
792 2269 856 2329 tam
880 2265 1037 2330 idolorum
1060 2266 1163 2330 cultor
1186 2285 1281 2348 quam
1304 2262 1381 2345 Epi·

235 2389 362 2446 cureus,
384 2390 510 2434 omnem
533 2370 720 2455 religionem
744 2372 968 2447 contemnens,
998 2373 1030 2434 et
1052 2369 1203 2433 honorem
1227 2367 1286 2432 sibi
1310 2389 1387 2431 ven-

234 2473 352 2550 dicans,
377 2473 431 2557 qui
455 2475 514 2539 soli
536 2474 603 2540 Deo
627 2475 766 2540 debetur.

320 2577 380 2642 His
404 2579 480 2644 adeo
503 2580 540 2645 de
563 2581 664 2644 causis
697 2580 839 2646 adoritur
862 2582 966 2664 ipsum
987 2580 1088 2658 Deus,
1124 2579 1286 2665 percellit,
1317 2600 1388 2642 ver-

235 2684 335 2760 berat,
357 2683 508 2768 flagellat,
533 2685 660 2762 turbat,
684 2707 747 2750 nou
770 2691 807 2750 ut
833 2686 987 2751 Davidem
1010 2685 1149 2769 aliquem
1172 2687 1228 2748 aut
1255 2683 1311 2747 Iob
1335 2683 1385 2746 vel

235 2789 355 2853 similes
377 2789 588 2855 afflictionum
611 2797 642 2856 et
665 2792 828 2876 patientiae
852 2792 979 2856 nomine
1002 2791 1102 2856 claros
1126 2789 1245 2866 heroas,
1273 2809 1381 2851 verum

236 2896 273 2956 ut
295 2891 490 2958 Pharaonem
523 2901 556 2960 et
584 2895 617 2959 id
643 2917 743 2981 genus
765 2895 843 2960 alias
867 2899 1021 2960 terrarum
1045 2899 1158 2978 pestes.
1205 2891 1279 2956 Non
1302 2891 1388 2954 enirn

236 2996 385 3080 suspirat,
410 3019 474 3062 non
498 2998 679 3084 ingemiscit
700 2999 739 3064 ad
762 2998 875 3076 Deum,
899 3003 936 3064 ut
959 2999 1103 3063 remittat
1123 2998 1215 3074 iram,
1238 2999 1275 3060 ut
1297 3016 1388 3058 nieu-

235 3103 299 3166 tem
323 3102 479 3186 largiatur
500 3103 728 3168 emendationis
752 3103 915 3186 cupidam,
949 3105 1002 3168 sed
1034 3102 1179 3167 sublimis
1208 3103 1389 3165 eluceret

236 3204 406 3285 fastuosus
429 3208 542 3292 opibus
566 3209 686 3274 nefarie
709 3208 874 3292 acquisitis
897 3213 929 3272 et
951 3229 1063 3293 regum
1090 3207 1239 3273 subsidiis
1262 3204 1389 3290 egregie

236 3311 474 3396 circumseptus,
498 3318 534 3377 ut
557 3318 660 3397 putat,
684 3313 716 3377 in
741 3335 858 3399 magna
885 3315 1055 3380 securitate
1080 3313 1168 3378 vivit.
1218 3309 1301 3374 Nam
1327 3329 1388 3392 pn·

235 3415 335 3482 blicas
356 3419 443 3483 orbis
467 3419 673 3496 calamitates,
698 3420 812 3504 quibus
837 3419 933 3483 hodie
957 3419 1149 3494 divexamur,
1173 3415 1213 3480 ab
1233 3437 1269 3479 eo
1288 3413 1389 3477 veluti

236 3519 325 3586 fonto
355 3523 521 3606 provenire
552 3527 662 3606 putat,
695 3525 779 3609 quod
809 3524 909 3607 ipsius
932 3528 964 3588 et
986 3525 1182 3606 majestatem
1212 3525 1244 3584 et
1270 3517 1389 3582 sancti-

237 3629 335 3692 tatem
365 3633 398 3692 et
424 3627 608 3692 beatitatem
639 3651 701 3692 non
734 3629 812 3716 setis
837 3633 1016 3692 reverenter
1038 3631 1211 3713 agnoscant
1234 3623 1388 3688 homines.

805 3750 824 3790 a

236 3837 318 3902 noch
349 3844 446 3902 etwas
476 3839 589 3902 darinn
620 3836 683 3904 zd¹
716 3838 917 3902 verlinderen.
966 3836 1026 3900 Die
1048 3833 1163 3900 Stende
1197 3834 1251 3897 des
1274 3829 1390 3894 Iteichs

235 3942 347 4007 hatten
380 3943 448 4008 sich
476 3948 571 4008 zdvor
604 3942 682 4006 viler
713 3943 934 4007 beschvverntis
965 3941 1032 4006 und
1055 3961 1179 4026 grassor
1203 3934 1389 4002 midbreuch

236 4047 382 4111 offenlich
399 4049 524 4134 beclagt
547 4049 594 4132 (in
611 4047 750 4114 welchen
767 4048 933 4113 Articlveln
951 4046 1031 4114 auch
1055 4045 1169 4110 etlichc
1191 4043 1291 4118 seind,
1316 4043 1389 4106 <lar-

237 4154 298 4216 aud
321 4173 395 4217 man
419 4153 478 4217 den
502 4153 675 4218 Endchrist
704 4153 871 4237 erkcnnet)

309 4384 416 4442 [fehlt
434 4379 476 4438 vl.
