3146 4962
844 229 908 294 222

581 400 636 466 De
657 403 831 466 turture
854 402 991 476 easta,
1014 399 1089 464 dial.
1114 401 1164 464 78.

388 539 509 605 Turtnr
532 549 579 606 est
602 541 779 607 castissima
801 540 886 604 inter
908 543 1037 604 caeteras
1061 561 1144 618 aves,
1168 562 1251 624 quae,
1276 539 1389 604 donec
1401 561 1463 603 enm

298 644 368 709 viro
390 649 551 726 moratur,
582 669 745 730 nunqnam
771 645 868 710 alium
899 644 1021 732 diligit,
1053 649 1085 709 et
1108 645 1136 708 si
1159 645 1209 709 vir
1239 646 1314 729 ejus
1342 643 1465 719 obierit.¹

300 771 358 814 nec
380 751 484 815 virum
508 773 565 816 nec
588 753 708 816 socium
732 771 933 834 nequaquam
956 749 1029 834 plus
1051 749 1180 833 recipit,
1211 773 1340 834 aquam
1367 749 1466 813 turbi-

274 853 374 918 sdnm
407 877 529 942 semper
564 855 664 934 bibit,
705 856 737 920 in
770 854 950 918 ramusculo
983 854 1078 918 viridi
1110 875 1275 938 nunquam
1317 855 1465 938 quioeeit

300 957 449 1035 Quaedam
473 967 577 1026 sutem
595 965 705 1026 turtur
718 959 813 1024 vidua
828 959 962 1038 exstitit,
986 980 1044 1042 pro
1061 981 1123 1043 quo
1138 961 1269 1025 anxiata
1289 981 1467 1042 nunqnam

299 1066 456 1131 consolari
490 1089 548 1132 nec
578 1068 711 1152 spatiari
745 1065 875 1150 cupiens
905 1065 938 1129 in
973 1087 1108 1130 moercre
1136 1070 1242 1130 tamen
1277 1064 1467 1130 castissime
1520 1134 1521 1165 1

298 1171 398 1235 vitam
422 1171 565 1250 ducebat,
589 1175 710 1236 caeterae
733 1175 839 1235 antem
862 1191 934 1234 aves
957 1170 1231 1254 compatiebantur
1255 1169 1296 1248 ei,
1332 1171 1466 1235 intuen-

297 1277 346 1338 tes
379 1296 448 1340 eam
480 1277 514 1340 in
537 1297 671 1341 moerore
703 1275 851 1353 deficere,
883 1273 968 1340 unde
998 1275 1037 1339 sd
1070 1276 1171 1359 ipsam
1201 1275 1467 1340 convolaverunt

258 1412 284 1450 10
298 1377 454 1446 dicentes:
484 1401 590 1458 soror,
615 1402 712 1464 quare
735 1380 894 1444 tabescere
917 1379 963 1442 vis
986 1401 1005 1443 a
1028 1379 1161 1444 dolore?
1190 1379 1262 1443 veni
1284 1381 1464 1444 nobiseum

298 1487 330 1548 et
352 1484 587 1568 aliquantulum
610 1485 838 1562 consolaberis,
861 1485 1010 1568 quoniam
1034 1483 1252 1548 lubentissime
1282 1489 1319 1548 te
1347 1482 1464 1548 fulcire

297 1589 443 1673 cupimus
466 1593 498 1654 et
518 1591 689 1675 hospitare.
735 1589 855 1654 Turtur
871 1593 976 1654 autem
994 1589 1052 1653 hoc
1068 1589 1198 1654 audiens
1213 1589 1462 1674 aliquantulum

297 1694 454 1779 respirate
476 1683 546 1760 c'um
569 1696 614 1760 eis
638 1696 803 1760 caritative
819 1695 981 1781 processit.
1026 1692 1179 1759 Volueres
1196 1694 1329 1779 quidem
1348 1715 1462 1760 omnes

299 1798 510 1864 amicabiliter
538 1821 607 1864 eam
631 1799 827 1885 recipiebant
859 1802 892 1863 et
920 1798 959 1862 ad
989 1798 1100 1864 nidum
1127 1821 1218 1864 sunm
1249 1803 1461 1885 reportantes

257 1932 283 1972 rc
298 1925 398 1969 escam
423 1926 511 1968 suam
535 1925 607 1969 cum
630 1925 667 1969 ea
689 1905 883 1983 dividebant,
908 1908 1015 1968 turtur
1036 1925 1110 1968 vero
1126 1906 1192 1969 zelo
1215 1906 1385 1971 castitatis
1408 1928 1457 1970 ar-

295 2012 384 2072 mata
406 2029 477 2073 cum
500 2009 653 2073 fornicari
676 2009 843 2086 sentiebat,
870 2029 934 2074 non
958 2009 1066 2073 valens
1088 2007 1234 2074 foetorem
1256 2013 1363 2076 scorti
1389 2031 1455 2080 sus.

295 2113 410 2192 tinere,
433 2136 528 2199 quam
552 2114 616 2179 cito
637 2113 798 2200 fugiebat,
822 2135 879 2179 nec
902 2113 935 2178 in
959 2115 1027 2178 loeo
1049 2111 1122 2198 plns
1144 2115 1266 2180 intrare
1289 2117 1451 2201 cupiebat

295 2241 430 2303 cumque
453 2219 513 2284 hoc
535 2241 617 2305 saepe
639 2220 767 2298 faceret,
791 2219 832 2285 ad
851 2224 1024 2284 extremuni
1042 2221 1238 2285 consortium
1253 2221 1451 2289 lubricorum
1517 2237 1524 2304 ,¹

297 2325 429 2408 reliquit
458 2329 491 2391 et
519 2325 559 2390 ad
582 2325 752 2409 puritatem
782 2323 940 2388 eastitatis
961 2323 1057 2387 rediit
1080 2323 1204 2390 dicens:
1232 2347 1302 2390 esre
1334 2327 1450 2412 pudice

256 2456 281 2494 co
295 2431 476 2516 mundaque
499 2431 588 2509 volo,
619 2451 782 2513 nunqnam
812 2429 941 2495 lubrica.
994 2429 1064 2494 Hoc
1095 2429 1180 2493 enim
1203 2452 1299 2515 agere
1322 2431 1449 2504 debent
1518 2477 1520 2522 ,

293 2537 349 2619 qni
371 2539 522 2600 tenentur
544 2535 723 2600 castitatem
753 2533 934 2612 observare,
970 2534 1045 2618 quia
1075 2555 1138 2598 non
1170 2535 1273 2599 solum
1306 2543 1448 2601 scortum

293 2641 430 2724 effugere
459 2643 589 2719 debent,
621 2639 675 2704 sed
704 2637 774 2704 loca
804 2643 981 2706 scortorum
1012 2643 1143 2722 propter
1173 2639 1446 2708 abominationem

293 2753 326 2813 et
346 2747 491 2813 foetorem
506 2747 655 2821 luxuriae;
680 2745 761 2811 nihil
774 2745 858 2809 enim
874 2743 1016 2809 loetidius
1039 2748 1071 2808 et
1086 2745 1333 2812 abominabilius
1350 2769 1445 2832 quam

291 2851 386 2918 foetor
408 2851 595 2937 pollutionis
617 2855 650 2915 et
671 2850 823 2915 libidinis.
870 2850 962 2919 Unde
978 2850 1107 2934 quidam
1123 2849 1275 2916 scholaris
1295 2856 1399 2919 scorti
1414 2853 1445 2916 in

252 2976 278 3016 a
291 2959 383 3023 domo
406 2979 463 3022 sua
484 2955 629 3022 foetorem
651 2955 788 3020 faciebat
803 2963 835 3020 et
858 2956 986 3039 quidam
1011 2955 1250 3021 archidiaconus
1274 2959 1446 3032 sentiebat,

290 3063 341 3130 cui
370 3066 475 3126 tamen
507 3060 660 3138 adhaesit,
692 3059 774 3144 quod
806 3063 838 3125 et
860 3061 928 3143 ipse
950 3060 1127 3125 fornicatus
1149 3059 1221 3125 luit.
1267 3061 1345 3128 Ideo
1368 3063 1446 3128 dicit

290 3167 487 3233 Bernardus:
513 3165 645 3231 luxuriae
668 3165 829 3248 appetitus
851 3166 964 3248 plenus
987 3169 1037 3230 est
1058 3166 1228 3246 anxietate,
1253 3171 1343 3233 actus
1367 3169 1443 3234 abo-

290 3273 476 3338 minationis
505 3277 537 3336 et
560 3271 787 3351 immundities,
818 3271 921 3335 exitus
936 3277 937 3282 ’
951 3272 1159 3355 poenitudinis
1183 3276 1216 3337 et
1239 3275 1443 3339 verecundia.

289 3375 410 3442 Narrat
432 3377 620 3441 Ambrosius
643 3375 726 3440 libro
749 3373 799 3439 Ill
832 3377 870 3441 de
892 3377 1080 3462 virginitate
1108 3379 1145 3442 de
1168 3376 1269 3442 matre
1298 3383 1331 3443 et
1362 3380 1444 3446 filia·

251 3501 277 3542 eo
290 3482 359 3562 bus,
383 3503 453 3566 qnae
475 3483 693 3566 amplexantes
717 3503 749 3545 se
773 3485 805 3545 et
828 3481 919 3564 quasi
942 3482 1052 3546 choros
1076 3483 1225 3547 ducentes
1240 3486 1444 3566 projecerunt

291 3590 380 3652 sein
405 3587 528 3652 alveum
551 3585 656 3664 fluvii,
693 3605 736 3650 ne
763 3587 845 3670 apud
869 3587 952 3650 cives
976 3587 1107 3650 dedecus
1130 3587 1257 3652 violatae
1284 3589 1444 3654 castitatis

291 3696 486 3778 paterentur.
539 3691 623 3756 Huic
657 3691 760 3756 simile
789 3695 900 3756 narrat
921 3691 1123 3778 Augustinus
1153 3691 1191 3756 de
1222 3692 1354 3758 civitate
1382 3693 1444 3759 Dei

290 3798 328 3862 de
350 3795 511 3874 Lucretia,
541 3818 620 3880 quae,
643 3819 714 3862 cum
738 3819 886 3882 oppressa
916 3802 998 3862 esset
1020 3797 1127 3862 atilio
1150 3797 1320 3881 Tarquinii
1342 3801 1439 3886 regis,

290 3903 418 3968 induxit
440 3923 512 3965 suos
534 3903 573 3966 ad
596 3902 787 3982 vindictam,
812 3904 883 3968 dein
907 3909 1039 3987 propter
1063 3903 1215 3966 delictum
1238 3905 1443 3970 commissum

251 4033 277 4072 ss
291 4029 376 4093 aegra
398 4011 493 4089 atque
515 4007 687 4090 impatiens
711 4029 744 4073 se
766 4009 917 4092 peremit,
952 4008 1095 4093 quamvis
1119 4008 1178 4072 hoc
1201 4031 1266 4072 non
1289 4011 1443 4076 essetsa-

290 4114 446 4191 ciendum,
471 4115 506 4176 ut
535 4112 614 4178 dicit
635 4113 847 4200 Augustinus.
893 4113 968 4180 Non
1001 4115 1086 4178 enim
1115 4113 1208 4178 debet
1238 4115 1308 4198 quis
1332 4137 1367 4180 se
1389 4115 1442 4181 in·
1523 4151 1524 4162 ι

289 4217 436 4283 terimere
458 4218 498 4283 ad
521 4217 684 4284 vitandum
708 4221 843 4285 alienam
865 4220 1043 4300 libidinem,
1065 4219 1232 4284 nonenim
1259 4220 1382 4304 polluet
1396 4244 1439 4300 se,

1521 3861 1524 3914 l

1522 4063 1524 4142 l

1522 4261 1524 4414 l
