3172 4958
700 359 741 420 63

363 526 417 592 De
439 548 560 592 corvo
584 530 624 591 et
647 527 899 612 philomela,
924 551 989 613 cap.
1016 533 1068 596 26.

231 665 308 732 Post
330 670 472 731 curatam
494 667 627 732 esuriem
650 672 721 732 utre
744 669 899 733 stomachi
920 670 985 754 jam
1009 670 1130 754 repleto
1147 693 1220 735 cum
1234 669 1297 735 sibi

144 793 256 838 corvus
272 771 398 836 dissona
413 771 550 856 pectoris
566 772 747 857 simphonia
768 778 920 850 cantaret,
944 775 1119 840 cancellato
1136 776 1296 841 dilectoris

144 877 193 941 sui
217 899 338 942 carcere
361 877 542 960 mancipata
564 876 737 961 philomela
759 879 842 942 hunc
859 879 999 956 audiena,
1016 878 1102 943 fastu
1119 879 1295 944 dulcissimi

117 982 231 1046 aventi
255 981 381 1045 suinon
404 981 510 1044 minus
532 1003 614 1044 vana
638 1004 732 1065 quam
756 983 887 1060 tumida,
912 1005 985 1048 mox
1009 987 1197 1048 vernantem
1220 1006 1294 1068 pro-

144 1086 234 1170 rupit
256 1084 290 1148 in
312 1089 451 1161 cantum,
478 1089 515 1148 ut
540 1085 585 1149 sic
607 1085 697 1148 illum
721 1085 759 1148 de
781 1087 913 1151 obscura
935 1109 1009 1152 voce
1032 1087 1242 1154 confunderet
1265 1095 1298 1154 ct

146 1189 371 1256 modulationis
394 1211 458 1252 suae
488 1189 623 1273 gloriam
653 1194 838 1255 ostentaret.
886 1189 947 1256 Sed
981 1192 1109 1276 quidem
1141 1192 1195 1258 ille
1230 1198 1297 1259 tam

145 1295 278 1361 callidus
300 1295 390 1360 vacui
415 1295 529 1378 capitis
544 1295 718 1360 vanitatem
735 1318 908 1380 agnoscens
921 1295 1027 1361 subito
1043 1297 1143 1362 tacuit
1166 1300 1199 1362 et
1220 1298 1296 1363 snb·

142 1401 266 1486 junxit:
291 1421 309 1464 o
333 1422 427 1483 quam
439 1399 574 1464 feliciter
590 1400 719 1478 affuisti,
739 1401 851 1484 jubila,
876 1406 1011 1487 rogote,
1035 1405 1071 1466 ut
1087 1402 1194 1468 avidas
1206 1425 1297 1468 aures

106 1531 132 1568 ro
145 1507 252 1589 lepore
288 1503 495 1589 philomelicae
536 1505 620 1568 vocis
660 1505 694 1568 in
737 1505 830 1570 amici
864 1506 1012 1571 solatium
1046 1506 1200 1572 mulceas!
1252 1507 1298 1573 At

145 1611 204 1674 illa
227 1631 374 1695 percussa
396 1631 496 1693 prece,
521 1631 556 1673 ac
579 1632 624 1688 eo,
638 1632 715 1694 ‚quo
747 1613 851 1676 caeteri
875 1611 1067 1677 naturaliter
1090 1611 1297 1692 inclinantur,

147 1735 255 1780 aversa
277 1713 386 1777 statim
409 1712 563 1777 conticuit
586 1735 623 1777 ac
649 1714 736 1778 avari
761 1715 897 1799 pectoris
918 1715 996 1780 flatu
1018 1721 1143 1782 retento
1166 1722 1297 1782 ventum

147 1820 197 1885 sni
220 1819 334 1902 capitis
357 1818 425 1882 sine
448 1839 522 1882 voce
544 1819 677 1882 rationis
702 1819 736 1882 in
760 1819 888 1884 auribus
904 1821 1067 1886 conditum
1082 1820 1175 1886 fudit.
1207 1821 1297 1887 Tunc

148 1947 260 1991 corvus
282 1924 383 1988 victor
406 1923 570 2006 adjunxit:
603 1923 692 1987 video
716 1924 794 1987 bene
818 1924 977 2009 sapienter
1001 1925 1116 1990 dixisse
1138 1925 1297 1990 Aristote-

107 2055 134 2094 ιο
148 2031 210 2095 lem
228 2029 262 2092 in
278 2027 500 2114 physionornia
526 2051 592 2107 sua,
618 2029 699 2112 quod
716 2028 988 2113 philomelizautes
1009 2031 1201 2096 naturaliter
1223 2040 1299 2097 sunt

148 2135 240 2200 fatui.
286 2134 416 2200 Habent
438 2134 523 2198 enim
545 2157 668 2218 semper
690 2155 743 2198 cor
755 2134 892 2199 calidum
917 2139 950 2199 et
973 2135 1224 2214 melancoliam,
1248 2158 1298 2201 ce-

148 2241 276 2305 rebrum
310 2239 429 2304 nullius
452 2239 576 2302 humidi
598 2239 797 2303 stillativum.
846 2241 1056 2317 Quamobrem
1080 2241 1232 2305 stolidum
1253 2243 1298 2306 eis

149 2350 198 2409 est
214 2345 350 2409 amicum
361 2343 480 2423 vinum,
499 2365 635 2428 namque
651 2343 774 2409 cithara
788 2367 886 2409 vacua
899 2351 1026 2411 resonat
1037 2349 1069 2409 et
1085 2345 1201 2410 chorda
1216 2345 1299 2410 sicca

149 2453 328 2517 concantat.
351 2443 354 2452 ’
375 2449 494 2514 Verum
525 2449 660 2531 ignaviae
691 2454 754 2514 tnae
785 2449 837 2513 hic
860 2450 951 2514 testis
974 2450 1094 2528 existit,
1119 2450 1203 2534 quod
1225 2449 1296 2534 ipsa

108 2579 134 2616 ao
149 2561 206 2621 tua
227 2577 260 2619 es
283 2555 435 2620 felicitate
461 2554 582 2618 infelix.
629 2553 735 2620 Vento
759 2555 876 2639 quippe
898 2555 976 2619 satis
998 2577 1136 2620 consona
1162 2576 1206 2633 es,
1229 2576 1298 2620 om-

149 2661 227 2725 nino
250 2659 374 2724 dissona
395 2659 524 2736 rationi,
549 2682 622 2723 nam
646 2659 865 2724 taediosissima
884 2658 1012 2742 jubilas,
1036 2659 1089 2724 sed
1104 2663 1218 2745 rogata
1234 2682 1299 2725 uon

148 2769 267 2843 cantas,
292 2765 418 2848 captiva
435 2764 562 2828 suavius
586 2785 699 2828 vernas
722 2773 753 2828 et
776 2763 951 2828 modulatio
974 2767 1031 2830 tua
1061 2769 1131 2830 tota
1153 2769 1203 2830 est
1224 2785 1297 2850 per-

149 2871 290 2936 versitas.
326 2869 408 2945 Quid
430 2892 506 2954 ergo
528 2871 664 2954 pectoris
688 2869 878 2934 ventositate
902 2869 1023 2934 inflaris
1046 2874 1078 2935 ct
1100 2869 1220 2936 infelici
1243 2892 1298 2936 va·

149 2974 252 3040 nitate
275 2973 441 3056 superbis?
471 2972 588 3039 Nonne
620 2975 760 3059 sapidius
793 2975 885 3040 folles
908 2975 943 3038 in
965 2977 1095 3060 organis
1119 2981 1239 3042 canunt
1269 2981 1301 3041 et

109 3101 135 3140 rs
150 3080 185 3144 in
204 3078 356 3164 psalterio
378 3079 551 3163 plectrum,
582 3080 615 3144 in
646 3081 754 3166 figella
775 3081 859 3165 pilus
883 3084 914 3145 et
937 3080 971 3144 in
995 3081 1118 3145 cithara
1140 3083 1301 3145 mortuum

149 3185 354 3249 intestinum?
377 3181 437 3248 Sed
461 3189 609 3249 ventosus
632 3209 670 3250 ex
693 3192 761 3250 toto
786 3190 843 3266 est,
867 3186 922 3269 qni
946 3207 1002 3250 suo
1024 3191 1119 3250 vento
1136 3185 1293 3271 gloriatur

150 3292 183 3354 et
205 3288 376 3353 extollitur.
425 3287 546 3365 Quibus
573 3291 689 3354 auditis
714 3289 843 3355 confusa
865 3290 1038 3374 philomela
1060 3312 1093 3354 se
1116 3291 1287 3355 aescendit.

194 3497 355 3563 Contra
377 3520 466 3578 eos,
490 3499 560 3585 qui
582 3502 791 3583 appetunt
814 3497 1059 3562 adulatione
1080 3493 1258 3563 laudari.

435 3656 490 3722 De
513 3677 639 3720 corvo
660 3660 700 3721 et
721 3657 862 3740 vulpe,
886 3677 953 3740 cap.
978 3658 1017 3719 27

110 3801 138 3840 ao
241 3775 460 3844 Reminiscens
474 3801 586 3844 corvus
601 3780 742 3862 priorum
761 3777 947 3855 facinorum,
971 3775 1137 3842 subtilium
1153 3775 1302 3842 fraudum

151 3887 185 3948 et
207 3904 394 3968 magnarum
418 3883 645 3962 calliditatum,
677 3881 752 3946 binc
775 3881 861 3946 fastu
884 3882 1024 3947 tumidus
1055 3887 1087 3947 et
1110 3881 1302 3948 adulationis

151 3989 262 4053 avidus
284 3989 380 4074 coepit
402 4010 542 4073 quaerere
565 3987 825 4052 auramlaudum.
872 3985 952 4050 Cum
975 3986 1086 4071 igitur,
1109 3987 1302 4052 adulationis

152 4093 295 4177 cupidus,
318 4093 451 4158 tendens
464 4093 637 4156 invenisset
660 4091 786 4175 vulpem
802 4091 861 4155 snb
880 4091 1000 4155 umbrae
1015 4091 1181 4175 refrigerio
1197 4090 1303 4174 quies-

152 4204 286 4278 centem,
309 4189 382 4282 post
405 4197 606 4263 salutationis
618 4196 768 4261 officium.
792 4196 870 4280 qnid
893 4199 1062 4280 quaereret,
1087 4196 1303 4281 interrogatus

109 4323 137 4362 rs
154 4304 200 4368 sic
222 4304 402 4388 respondit:
433 4304 466 4368 in
499 4303 592 4384 bonis
622 4301 810 4368 famatorem
843 4305 933 4367 mutu
955 4299 1076 4365 invidia
1096 4321 1163 4365 non
1185 4299 1303 4366 inveni.

151 4405 332 4494 Statimque
361 4409 418 4474 illa
444 4409 529 4474 tanti
559 4408 684 4494 ingenii
713 4407 888 4474 calliditate
910 4406 1022 4472 subtili
1044 4427 1117 4472 cum
1138 4405 1227 4472 verbi
1248 4429 1304 4471 vo-
