3172 4958
163 491 284 560 nura
307 488 410 578 surgo
433 490 598 576 ιιιρωιιι.

165 666 436 733 Proverbium
458 667 738 747 ostensivum,
763 666 868 751 quod
891 665 1095 732 liberalis
1119 663 1319 729 hilariter
1378 713 1380 720 ,

674 773 812 840 donat

419 927 475 993 De
497 928 640 1015 aquila
662 932 703 994 et
725 928 895 1008 scenice,
919 951 986 1013 cap.
1011 931 1062 994 25.

135 1099 151 1140 a
256 1068 303 1133 De
325 1069 470 1152 supernis
493 1069 532 1133 ad
560 1070 670 1136 infima
692 1070 838 1134 contuitu
859 1069 952 1156 vigili
975 1067 1083 1152 aquila
1105 1063 1243 1154 praedam
1267 1067 1317 1132 in·

167 1172 356 1260 vestigando
379 1173 590 1259 prospicienS,
622 1196 694 1240 curn
716 1173 864 1239 foenicem
886 1177 1028 1240 cerneret
1056 1195 1095 1237 se·
1112 1173 1186 1258 igne
1208 1173 1319 1259 genito

165 1278 412 1356 comburentem,
435 1279 597 1344 descendit
621 1279 659 1344 ad
674 1301 744 1344 eum
769 1278 875 1344 subito
899 1280 932 1344 et
953 1278 1020 1344 haec
1043 1277 1140 1344 dixit:
1164 1277 1319 1363 numquid

164 1384 200 1449 in
224 1383 441 1450 combustione
470 1406 534 1448 non
565 1385 675 1449 doles?
708 1381 755 1450 At
776 1381 847 1448 ille:
880 1385 916 1447 tn
948 1386 1054 1449 autem
1086 1383 1119 1447 in
1152 1383 1318 1448 venatione

166 1511 231 1555 non
254 1487 396 1576 gaudes?
418 1485 460 1552 Et
485 1488 558 1554 illa:
582 1489 689 1554 etiam.
723 1487 813 1553 Tunc
829 1487 929 1553 foenix
946 1475 1109 1574 adjunirit:
1133 1491 1217 1553 certe
1237 1487 1319 1552 sicut

125 1599 206 1662 retu
228 1593 342 1678 cupida
364 1592 528 1659 delectaris
551 1594 585 1659 in
615 1593 763 1678 captione
792 1592 925 1678 praedae,
956 1593 1003 1658 ita
1033 1593 1134 1658 foenix
1164 1593 1255 1679 larga
1283 1591 1318 1654 in

167 1697 338 1763 donatione
361 1697 556 1762 substantiae.
603 1695 677 1763 Non
701 1699 787 1763 enim
810 1699 915 1764 minor
934 1698 1117 1784 jucnnditas
1140 1700 1188 1762 est
1209 1697 1243 1761 in
1263 1718 1317 1760 ex-

166 1801 324 1868 hibitione
350 1801 553 1873 liberalitatis
577 1825 672 1888 quem
703 1802 764 1868 tibi
796 1803 830 1867 in
862 1802 1093 1888 depredatione
1123 1801 1317 1886 cupiditatis.

167 1905 301 1974 Omnem
332 1906 418 1972 enim
448 1907 606 1972 actionem
628 1907 756 1974 virtutis
780 1907 891 1974 effusio
924 1909 1067 1994 sequitur
1089 1907 1316 1973 delectationis.

166 2013 302 2099 Propter
325 2013 404 2090 hoc,
427 2011 606 2091 carissima,
634 2013 668 2078 in
691 2012 752 2079 hoc
774 2011 849 2100 igne
872 2035 936 2078 non
960 2013 1068 2092 doleo,
1092 2013 1145 2078 sed
1169 2013 1317 2092 delector,

128 2141 157 2184 rs
169 2117 245 2204 quia
265 2119 300 2183 in
323 2118 526 2205 generatione
551 2118 682 2184 alterius
705 2121 770 2183 tam
788 2119 1016 2184 delectabiliter
1034 2141 1128 2205 quam
1144 2118 1318 2184 liberaliter

168 2227 270 2290 totam
292 2225 466 2309 meipsam
490 2223 626 2289 effundo.
670 2221 836 2309 Numquid
860 2247 923 2290 non
948 2222 1168 2302 considerasti,
1194 2228 1315 2308 quanto

167 2330 290 2415 impetu
319 2329 537 2395 delectationis
567 2329 601 2394 in
633 2329 840 2415 generatione
868 2329 1045 2395 liberaliter
1066 2329 1176 2414 vipera
1198 2352 1232 2394 se
1255 2330 1316 2394 dif-

166 2436 291 2515 fundit,
324 2440 362 2500 nt
385 2435 512 2520 quidem
535 2456 599 2500 non
621 2435 742 2500 sentiat
763 2433 1009 2501 amaritudinem
1031 2455 1154 2499 morsus
1178 2434 1317 2499 mortis?

37 2621 39 2628 y
167 2541 331 2608 Nimirum
359 2544 472 2605 cuncta
503 2562 561 2605 sua
592 2539 745 2605 beneficia
777 2561 841 2606 non
873 2539 942 2604 sine
966 2561 1084 2626 magna
1109 2539 1319 2605 delectatione

126 2667 154 2709 ro
167 2646 308 2712 liberalis
323 2647 439 2711 natura
453 2645 673 2712 communicat.
718 2643 865 2731 Namque
880 2646 1064 2731 generativa
1078 2645 1179 2710 virtus
1195 2645 1317 2710 medul-
1362 2663 1376 2690 ⁸

166 2752 232 2817 lam
248 2749 406 2816 vivificam
421 2749 647 2816 beneficialiter
662 2771 734 2815 cnm
750 2749 906 2818 suavitate
921 2750 1070 2838 largitur,
1086 2773 1158 2816 cum
1166 2750 1316 2834 jucundi·

166 2859 234 2922 tate
250 2877 303 2921 cor
317 2854 463 2920 funditur
475 2853 496 2934 ¹,
520 2859 635 2921 etcum
650 2856 809 2942 digestum
825 2856 931 2923 cibum
944 2857 1124 2923 stomachus
1142 2856 1316 2934 donaverit,

167 2961 350 3028 delectatur.
396 2958 508 3025 Omnis
537 2961 622 3026 enim
652 2960 781 3027 donatio
813 2961 954 3027 liberalis
987 2983 1059 3027 cum
1082 2959 1246 3027 hilaritate
1269 2963 1318 3024 est

168 3065 288 3142 cordis,
315 3065 466 3148 quoniam
497 3065 564 3151 ejus
586 3064 748 3131 effundere
769 3065 923 3132 virtutem
944 3087 1059 3152 engere
1083 3069 1131 3130 est
1154 3064 1316 3144 virtutem,

127 3193 153 3234 rs
167 3172 320 3258 proficere
342 3171 376 3234 in
398 3171 528 3250 virtute,
551 3171 704 3237 virtutem
727 3185 851 3257 qnoque
873 3171 1040 3260 possidere.
1088 3169 1133 3234 At
1156 3191 1229 3236 vero
1252 3171 1317 3236 illi-

167 3275 284 3342 beralis
307 3276 443 3342 tenendo
467 3297 579 3342 aurum
601 3276 708 3361 perdit
728 3282 828 3344 semet
849 3278 954 3362 ipsum
978 3279 1020 3354 et,
1046 3275 1124 3340 foris
1147 3276 1221 3340 dum
1244 3297 1318 3361 poe·

168 3381 260 3461 sidet,
282 3381 370 3445 intus
392 3381 546 3447 veraciter
569 3381 652 3447 nibil
673 3381 782 3462 habet,
806 3381 910 3460 dolet,
934 3381 962 3445 si
984 3378 1123 3456 dederit,
1147 3379 1222 3462 quia
1245 3401 1316 3464 per·

169 3487 233 3565 dit,
258 3485 401 3570 eoquod
424 3507 461 3550 ex
483 3485 601 3553 virtute
623 3507 688 3553 non
712 3487 808 3553 dedit
852 3485 886 3552 si
908 3485 1066 3571 rapuerit,
1091 3483 1265 3550 delectatur
1286 3487 1319 3549 et

168 3591 271 3656 nescit
298 3611 413 3669 cacus,
445 3590 529 3675 quod
550 3591 632 3678 ipse,
649 3593 818 3658 amittitur.
864 3589 924 3657 Sed
949 3589 1024 3677 quid
1053 3588 1169 3668 habet,
1203 3589 1258 3674 qui
1286 3611 1318 3654 se

128 3719 155 3758 ao
168 3697 272 3783 ipsum
294 3717 358 3761 non
382 3695 544 3780 possidet?
567 3695 684 3762 Omnia
707 3697 792 3762 enim
814 3699 982 3762 transeunt
999 3717 1069 3760 cum
1086 3715 1230 3780 persona.
1275 3693 1318 3759 Et

167 3803 298 3888 propter
319 3801 380 3867 hoc
411 3799 466 3886 qui
495 3801 681 3886 cupiditatis
712 3805 761 3867 est
791 3824 915 3881 servus,
948 3801 1036 3885 cujus
1065 3804 1113 3865 est
1143 3798 1317 3864 dominus?

167 3905 323 3994 Disperge
346 3928 422 3995 ergo
446 3906 530 3972 bona
552 3907 705 3988 libenter,
736 3908 819 3973 dona
840 3907 988 3972 hilariter
1017 3909 1049 3971 et
1070 3927 1135 3970 una
1157 3926 1229 3972 oum
1252 3905 1317 3969 vir-

167 4013 237 4077 tute
259 4011 419 4096 possideas
441 4011 609 4077 universa:
640 4033 677 4078 ao
699 4013 827 4097 quidem
850 4012 885 4076 in
908 4009 1137 4095 sempiternum
1159 4008 1203 4074 sis
1226 4008 1315 4078 liber.

169 4114 291 4196 Quibus
315 4115 432 4183 auditis
454 4117 572 4202 aquila,
596 4117 721 4183 ratione
743 4116 946 4182 liberalitatis
969 4115 1109 4198 confusa,
1132 4116 1166 4180 in
1182 4137 1318 4202 superne

131 4240 157 4282 ra
171 4221 318 4312 avolavit.

742 4323 758 4357 a

240 4397 254 4451 l
274 4392 399 4451 Ardere:
414 4391 595 4466 jucunditate
612 4391 793 4450 oonbmditnr
811 4395 848 4449 et.
