3058 4946
659 338 720 400 129

118 507 308 574 hauddubie
329 508 433 574 multa
456 531 512 574 vos
537 509 658 586 docuit3
682 509 770 574 scitis
794 509 868 595 ipsi,
892 531 962 598 quae
984 511 1082 580 fuerit
1104 515 1164 580 sub
1183 538 1263 600 pon·

118 613 230 680 tificatu
252 614 327 678 rita
375 613 457 680 Sunt
480 616 693 700 amplissimae,
718 639 795 701 quas
818 617 946 696 tenetis,
969 639 1054 702 opes,
1078 624 1110 684 ct
1132 621 1170 684 ad
1194 640 1262 686 om-

23 751 25 804 5
118 739 184 784 uem
204 719 311 782 luxum
336 719 425 784 rubis
448 719 623 784 sufficiunt.
670 719 921 786 Moderationem
949 744 998 788 res
1024 724 1091 807 ipsa
1113 725 1261 809 postulat.

23 811 25 852 ³
118 822 148 888 Si
168 827 198 888 et
219 823 334 889 scholis
357 829 389 888 et
412 825 616 890 ecclesiarum
638 826 794 890 ministris
817 830 850 890 et
869 826 940 890 aliis
956 829 1138 894 necessariis
1154 830 1264 894 usibus

117 929 268 993 decidatur
289 951 328 994 ex
353 930 393 993 iis
416 929 495 1013 ipsis
518 929 738 1010 facultatibus,
771 930 904 995 arbitrio
935 931 1091 1000 bonorum
1113 919 1287 1016 virorum,

117 1056 174 1100 non
194 1035 318 1100 habetis
343 1057 452 1100 veram
475 1035 679 1118 querimonia
709 1057 851 1115 causam,
886 1038 964 1102 satia
997 1059 1152 1130 superque
1174 1039 1264 1104 vobis

116 1139 180 1214 erit
201 1144 233 1202 et
254 1139 392 1204 fortasse
415 1141 489 1225 plus
512 1163 607 1225 quam
629 1141 783 1225 expediat.
830 1139 893 1206 Cur
915 1141 997 1207 hanc
1019 1144 1175 1209 rationem
1197 1167 1262 1210 non

116 1243 197 1308 initis
218 1245 361 1328 pariter,
391 1250 424 1310 et
447 1247 545 1311 amice
568 1247 773 1333 transigitis?
819 1247 889 1312 Hoc
910 1249 1037 1312 tandem
1061 1248 1193 1314 omnino
1215 1249 1264 1314 fa·

117 1347 250 1414 ciendum
272 1354 333 1427 est,
358 1350 386 1414 si
409 1353 548 1435 patriam
573 1353 669 1417 vultis
692 1353 893 1418 incolumem.
930 1353 1087 1430 Quoniam
1109 1375 1164 1419 vos
1187 1353 1262 1420 doc-

118 1453 224 1518 trinam
255 1453 423 1519 infestatis
446 1454 575 1532 utilem,
608 1455 780 1522 salutarem
803 1460 836 1522 et
858 1457 928 1523 orbi
950 1459 1177 1536 necessariam,
1215 1457 1265 1524 illi

118 1563 222 1641 putent
244 1559 335 1624 vobis
360 1559 530 1626 auferenda
552 1583 627 1640 ease,
652 1581 723 1644 quae
746 1565 878 1638 nocent,
909 1583 1006 1630 arma.
1053 1562 1138 1628 Hinc
1160 1564 1265 1628 omnis

118 1663 192 1727 iuter
214 1686 267 1729 ros
292 1665 494 1751 digladiatio,
518 1687 587 1751 quaa
610 1688 703 1750 quem
727 1667 770 1730 sit
792 1666 942 1730 habitura
971 1666 1085 1746 finem,
1117 1669 1264 1753 respicite

116 1769 253 1850 taudem,
286 1775 321 1835 et
345 1773 459 1857 palriae
481 1792 535 1836 vos
558 1772 723 1838 calamitas
745 1782 936 1856 permoveat.
983 1770 1090 1836 Genus
1122 1775 1197 1838 estis
1228 1796 1264 1840 ao

116 1872 232 1940 suboles
254 1875 435 1960 priscorum
459 1875 708 1957 Germanorum,
743 1899 822 1960 quos
855 1883 969 1942 exterra
999 1900 1123 1963 quoque
1152 1884 1264 1965 gentes

116 1975 166 2062 [b]
187 1978 362 2046 laudarunt
383 2002 507 2066 semper
528 1981 568 2046 ab
591 1982 693 2048 animi
715 1982 827 2048 robore
848 1987 881 2046 et
895 1983 1089 2068 integritate.
1121 1984 1265 2054 Plurima

116 2089 185 2148 sunt
205 2085 309 2150 moliti
335 2091 449 2152 contra
470 2109 538 2166 nos,
561 2087 633 2152 odio
656 2087 828 2164 doctrina,
861 2087 1048 2172 pontifices,
1082 2111 1102 2152 a
1128 2111 1263 2175 quorum

116 2185 301 2258 facinoribus
325 2194 451 2258 utinam
474 2193 583 2258 essetis
606 2215 715 2258 omnes
736 2192 861 2258 remoti.
893 2192 992 2259 Decet
1009 2193 1069 2260 hoc
1092 2199 1262 2262 masculam

118 2292 341 2364 Germanorum
365 2299 534 2379 virtutem,
564 2321 663 2385 eoque
690 2299 793 2386 magis
815 2299 987 2366 absterreri
1009 2321 1064 2365 ros
1086 2301 1263 2386 oportebat,

119 2421 174 2484 quo
187 2403 302 2471 clarius
319 2405 383 2489 ipsi
400 2406 522 2484 videtis,
541 2405 623 2470 nihil
641 2407 793 2470 hactenus
808 2403 964 2488 profuisse
979 2407 1108 2470 cunctae
1123 2404 1264 2487 ipsorum

118 2505 247 2575 lechnus
287 2509 475 2575 Judaeornrn
499 2511 573 2575 olim
597 2511 774 2576 sacerdotes
798 2531 834 2574 ac
857 2509 1015 2595 principes
1037 2509 1122 2573 inter
1144 2531 1177 2573 se
1200 2509 1263 2574 dis·

116 2610 260 2692 sidentes,
298 2614 382 2680 alter
410 2616 542 2680 alterius
572 2616 661 2698 odio,
697 2614 948 2680 crudelissimum
971 2619 1162 2699 tyrannum,
1193 2613 1263 2680 An·
1377 2656 1379 2662 .

117 2715 248 2782 tiochum
271 2718 494 2803 Epiphanem,
528 2720 728 2798 invitabant,
763 2725 796 2784 et
817 2720 975 2803 adjutores
997 2719 1027 2784 ei
1048 2720 1196 2800 fuerunt,
1228 2725 1293 2818 ut!

116 2820 228 2888 idolum
249 2825 284 2888 in
309 2825 432 2910 templo
455 2825 664 2903 collocarent,
688 2832 720 2890 et
743 2825 856 2910 ingens
878 2824 969 2890 fieret
992 2847 1048 2908 per
1070 2824 1182 2889 urbem
1204 2825 1263 2891 bo·

115 2927 228 2992 minum
252 2934 398 3014 strages:
434 2933 560 2994 tanturn
583 2934 689 3013 potest
712 2929 858 2994 vindictae
881 2929 1054 3014 cupiditas,
1089 2931 1262 2997 etodium.

116 3027 179 3096 Hoc
200 3033 407 3098 simulacrum
432 3035 548 3098 intueri
572 3057 630 3099 nos
652 3039 786 3118 oportet
833 3033 951 3098 Noster
977 3034 1063 3098 enim
1085 3033 1264 3101 Antiochus

115 3131 271 3204 Romarm
295 3140 450 3223 quamdiu
466 3140 504 3204 de
520 3145 623 3205 vestra
639 3140 701 3206 fide
716 3139 998 3222 benevolentiaque
1013 3161 1078 3203 non
1094 3140 1264 3219 dubitabit,

114 3247 215 3324 sperat
236 3265 272 3310 eo
296 3267 364 3308 rem
386 3244 498 3310 deduci
520 3267 620 3329 posse.
1281 3231 1291 3250 '

195 3345 353 3414 Patefecit
375 3348 483 3413 omnia
506 3353 641 3434 tempus,
665 3352 697 3412 et
719 3369 805 3413 nunc
827 3351 938 3412 extant
954 3349 986 3412 in
1002 3347 1130 3432 publica
1146 3349 1213 3414 luce
1228 3369 1265 3414 ac

113 3452 349 3536 conspiciuntur
360 3452 400 3518 ab
409 3455 556 3518 omnibus
567 3459 650 3520 tetra
662 3453 804 3537 quaedam
812 3458 907 3536 atque
918 3451 1044 3518 funesta
1055 3455 1263 3538 quorundam,

113 3554 164 3638 qni
179 3557 277 3622 vestri
293 3561 548 3644 propugnatores
564 3558 664 3622 videri
680 3559 800 3636 volunt,
817 3558 1042 3642 consiliaque>
1054 3581 1118 3624 non
1130 3564 1264 3642 possunt

113 3657 151 3720 ab
172 3661 247 3738 ullo,
271 3661 335 3726 nisi
359 3661 415 3746 qui
438 3663 550 3746 patriae
574 3663 677 3727 videre
700 3663 807 3747 cupiat
821 3663 1013 3742 incendium,
1036 3663 1169 3742 laudari,
1193 3686 1264 3748 quae

115 3761 173 3826 nisi
187 3761 339 3830 beneficio
355 3764 415 3830 Dei
437 3766 562 3842 detecta
573 3765 711 3831 luissent
725 3771 758 3830 et
772 3787 856 3831 nunc
871 3767 968 3831 etiarn
984 3769 1083 3834 oculis
1099 3769 1265 3844 bominum

114 3869 261 3950 exposita,
274 3891 392 3954 quoeso,
404 3892 499 3953 quam
512 3893 635 3936 eramus
648 3869 789 3935 babituri
801 3871 984 3956 reipublicoe
996 3871 1156 3940 formam?
1180 3875 1264 3942 Satis

115 3969 247 4056 adeoque
271 3975 410 4039 nimium
432 3973 583 4040 hacteuus
606 3977 715 4040 datum
738 3979 786 4039 est
809 3975 890 4040 odiis
912 3983 944 4042 et
966 3980 1192 4046 amarulentiae.
1231 3981 1265 4047 Si

115 4075 186 4156 quid
207 4079 335 4144 aoeedat
365 4083 536 4163 praetcrea,
570 4102 635 4144 non
666 4085 772 4164 potest
794 4081 873 4146 illud
896 4103 961 4146 non
984 4105 1051 4149 esse
1073 4087 1264 4152 calamitatis

116 4185 145 4244 et
165 4183 255 4248 exitii
278 4185 422 4270 plenum.
469 4184 510 4250 Et
541 4185 607 4251 haec
639 4187 766 4272 quidem
798 4187 837 4250 ad
866 4209 922 4252 vos
944 4189 1070 4274 proprie
1093 4191 1264 4274 pertinent,

117 4286 166 4368 qui
187 4310 304 4354 nomen
327 4313 366 4362 ac
389 4291 519 4356 titulum
542 4291 678 4358 ecclcsiae
702 4292 789 4358 vobis
820 4293 996 4378 usurpatis,
1028 4294 1084 4378 qui
1113 4295 1264 4379 quoniam

163 4405 287 4451 mur
1040 4399 1056 4454 9
1131 4429 1132 4433 =
