<?xml version="1.0" encoding="UTF-8"?>
<!DOCTYPE html PUBLIC "-//W3C//DTD XHTML 1.0 Transitional//EN"
    "http://www.w3.org/TR/xhtml1/DTD/xhtml1-transitional.dtd">
<html xmlns="http://www.w3.org/1999/xhtml" xml:lang="en" lang="en">
 <head>
  <title>
</title>
<meta http-equiv="Content-Type" content="text/html;charset=utf-8" />
  <meta name='ocr-system' content='tesseract 3.04.00' />
  <meta name='ocr-capabilities' content='ocr_page ocr_carea ocr_par ocr_line ocrx_word'/>
</head>
<body>
  <div class='ocr_page' id='page_1' title='image "./zweiredenankais02sleigoog/zweiredenankais02sleigoog_0757.png"; bbox 0 0 3172 4962; ppageno 0'>
   <div class='ocr_carea' id='block_1_1' title="bbox 799 313 862 377">
    <p class='ocr_par' dir='ltr' id='par_1_1' title="bbox 799 313 862 377">
     <span class='ocr_line' id='line_1_1' title="bbox 799 313 862 377; baseline 0 -1"><span class='ocrx_word' id='word_1_1' title='bbox 799 313 862 377; x_wconf 80' lang='lat'><strong>156</strong></span> 
     </span>
    </p>
   </div>
   <div class='ocr_carea' id='block_1_2' title="bbox 217 483 1427 4452">
    <p class='ocr_par' dir='ltr' id='par_1_2' title="bbox 217 483 1427 4452">
     <span class='ocr_line' id='line_1_2' title="bbox 254 483 1410 572; baseline 0.002 -21"><span class='ocrx_word' id='word_1_2' title='bbox 254 505 323 551; x_wconf 87' lang='lat' dir='ltr'><strong>ecce</strong></span> <span class='ocrx_word' id='word_1_3' title='bbox 347 483 490 550; x_wconf 80' lang='lat' dir='ltr'><strong>diabolus</strong></span> <span class='ocrx_word' id='word_1_4' title='bbox 513 485 600 550; x_wconf 80' lang='lat' dir='ltr'><strong>venit</strong></span> <span class='ocrx_word' id='word_1_5' title='bbox 622 488 655 551; x_wconf 90' lang='lat' dir='ltr'><strong>et</strong></span> <span class='ocrx_word' id='word_1_6' title='bbox 676 483 754 550; x_wconf 87' lang='lat' dir='ltr'><strong>dicit</strong></span> <span class='ocrx_word' id='word_1_7' title='bbox 777 485 825 551; x_wconf 89' lang='lat' dir='ltr'><strong>ei:</strong></span> <span class='ocrx_word' id='word_1_8' title='bbox 849 487 1030 568; x_wconf 77' lang='lat' dir='ltr'><strong>veniemus,</strong></span> <span class='ocrx_word' id='word_1_9' title='bbox 1061 489 1137 572; x_wconf 82' lang='lat' dir='ltr'><strong>quie</strong></span> <span class='ocrx_word' id='word_1_10' title='bbox 1160 485 1240 552; x_wconf 82' lang='lat' dir='ltr'><strong>hore</strong></span> <span class='ocrx_word' id='word_1_11' title='bbox 1261 489 1317 552; x_wconf 85' lang='lat' dir='ltr'><strong>est.</strong></span> <span class='ocrx_word' id='word_1_12' title='bbox 1365 487 1410 553; x_wconf 81' lang='lat' dir='ltr'><strong>Et</strong></span> 
     </span>
     <span class='ocr_line' id='line_1_3' title="bbox 254 589 1407 678; baseline 0.003 -23"><span class='ocrx_word' id='word_1_13' title='bbox 254 593 403 655; x_wconf 87' lang='lat' dir='ltr'><strong>exeuntes</strong></span> <span class='ocrx_word' id='word_1_14' title='bbox 426 594 633 675; x_wconf 88' lang='lat' dir='ltr'><strong>perrexerunt</strong></span> <span class='ocrx_word' id='word_1_15' title='bbox 656 589 693 656; x_wconf 84' lang='lat' dir='ltr'><strong>ad</strong></span> <span class='ocrx_word' id='word_1_16' title='bbox 710 590 898 675; x_wconf 72' lang='lat' dir='ltr'><strong>praedictum</strong></span> <span class='ocrx_word' id='word_1_17' title='bbox 913 592 1154 673; x_wconf 78' lang='lat' dir='ltr'><strong>monesterium,</strong></span> <span class='ocrx_word' id='word_1_18' title='bbox 1178 594 1234 660; x_wconf 91' lang='lat' dir='ltr'><strong>ubi</strong></span> <span class='ocrx_word' id='word_1_19' title='bbox 1249 591 1407 678; x_wconf 76' lang='lat' dir='ltr'><strong>presbiter</strong></span> 
     </span>
     <span class='ocr_line' id='line_1_4' title="bbox 254 695 1408 781; baseline 0.003 -21"><span class='ocrx_word' id='word_1_20' title='bbox 254 695 309 761; x_wconf 89' lang='lat' dir='ltr'><strong>ills</strong></span> <span class='ocrx_word' id='word_1_21' title='bbox 331 699 417 772; x_wconf 87' lang='lat' dir='ltr'><strong>erat,</strong></span> <span class='ocrx_word' id='word_1_22' title='bbox 448 699 481 759; x_wconf 85' lang='lat' dir='ltr'><strong>et</strong></span> <span class='ocrx_word' id='word_1_23' title='bbox 513 695 649 781; x_wconf 80' lang='lat' dir='ltr'><strong>ingressi</strong></span> <span class='ocrx_word' id='word_1_24' title='bbox 678 695 712 760; x_wconf 93' lang='lat' dir='ltr'><strong>in</strong></span> <span class='ocrx_word' id='word_1_25' title='bbox 736 696 900 762; x_wconf 76' lang='lat' dir='ltr'><strong>ecclesiam</strong></span> <span class='ocrx_word' id='word_1_26' title='bbox 924 697 1080 764; x_wconf 88' lang='lat' dir='ltr'><strong>miserunt</strong></span> <span class='ocrx_word' id='word_1_27' title='bbox 1104 698 1194 763; x_wconf 88' lang='lat' dir='ltr'><strong>sein</strong></span> <span class='ocrx_word' id='word_1_28' title='bbox 1218 697 1408 777; x_wconf 79' lang='lat' dir='ltr'><strong>orationem,</strong></span> 
     </span>
     <span class='ocr_line' id='line_1_5' title="bbox 254 797 1407 886; baseline 0.002 -22"><span class='ocrx_word' id='word_1_29' title='bbox 254 803 287 864; x_wconf 92' lang='lat' dir='ltr'><strong>et</strong></span> <span class='ocrx_word' id='word_1_30' title='bbox 314 820 486 885; x_wconf 80' lang='lat' dir='ltr'><strong>exsurgens</strong></span> <span class='ocrx_word' id='word_1_31' title='bbox 515 800 555 864; x_wconf 82' lang='lat' dir='ltr'><strong>ab</strong></span> <span class='ocrx_word' id='word_1_32' title='bbox 584 799 726 865; x_wconf 75' lang='lat' dir='ltr'><strong>oratione</strong></span> <span class='ocrx_word' id='word_1_33' title='bbox 756 797 857 865; x_wconf 82' lang='lat' dir='ltr'><strong>freter</strong></span> <span class='ocrx_word' id='word_1_34' title='bbox 885 801 941 867; x_wconf 89' lang='lat' dir='ltr'><strong>ille</strong></span> <span class='ocrx_word' id='word_1_35' title='bbox 972 802 1144 886; x_wconf 77' lang='lat' dir='ltr'><strong>respiciens</strong></span> <span class='ocrx_word' id='word_1_36' title='bbox 1176 824 1238 868; x_wconf 93' lang='lat' dir='ltr'><strong>non</strong></span> <span class='ocrx_word' id='word_1_37' title='bbox 1272 803 1407 882; x_wconf 77' lang='lat' dir='ltr'><strong>invenit,</strong></span> 
     </span>
     <span class='ocr_line' id='line_1_6' title="bbox 228 904 1408 990; baseline 0.004 -25"><span class='ocrx_word' id='word_1_38' title='bbox 228 904 310 990; x_wconf 74' lang='lat' dir='ltr'><strong>equi</strong></span> <span class='ocrx_word' id='word_1_39' title='bbox 333 905 505 971; x_wconf 82' lang='lat' dir='ltr'><strong>adduxerat</strong></span> <span class='ocrx_word' id='word_1_40' title='bbox 520 926 590 971; x_wconf 90' lang='lat' dir='ltr'><strong>eum</strong></span> <span class='ocrx_word' id='word_1_41' title='bbox 614 905 669 982; x_wconf 84' lang='lat' dir='ltr'><strong>ibi,</strong></span> <span class='ocrx_word' id='word_1_42' title='bbox 690 909 722 970; x_wconf 92' lang='lat' dir='ltr'><strong>et</strong></span> <span class='ocrx_word' id='word_1_43' title='bbox 738 904 838 970; x_wconf 81' lang='lat' dir='ltr'><strong>dixit:</strong></span> <span class='ocrx_word' id='word_1_44' title='bbox 865 905 928 985; x_wconf 84' lang='lat' dir='ltr'><strong>ubi,</strong></span> <span class='ocrx_word' id='word_1_45' title='bbox 952 909 1056 990; x_wconf 81' lang='lat' dir='ltr'><strong>putes,</strong></span> <span class='ocrx_word' id='word_1_46' title='bbox 1080 906 1244 990; x_wconf 76' lang='lat' dir='ltr'><strong>perrexit?</strong></span> <span class='ocrx_word' id='word_1_47' title='bbox 1267 927 1342 971; x_wconf 90' lang='lat' dir='ltr'><strong>num</strong></span> <span class='ocrx_word' id='word_1_48' title='bbox 1366 905 1408 970; x_wconf 82' lang='lat' dir='ltr'><strong>ed</strong></span> 
     </span>
     <span class='ocr_line' id='line_1_7' title="bbox 254 1009 1407 1090; baseline 0.003 -17"><span class='ocrx_word' id='word_1_49' title='bbox 254 1031 419 1075; x_wconf 90' lang='lat' dir='ltr'><strong>commune</strong></span> <span class='ocrx_word' id='word_1_50' title='bbox 440 1010 652 1076; x_wconf 81' lang='lat' dir='ltr'><strong>necessarium</strong></span> <span class='ocrx_word' id='word_1_51' title='bbox 674 1009 876 1074; x_wconf 79' lang='lat' dir='ltr'><strong>ambulavit?</strong></span> <span class='ocrx_word' id='word_1_52' title='bbox 899 1009 941 1075; x_wconf 81' lang='lat' dir='ltr'><strong>Et</strong></span> <span class='ocrx_word' id='word_1_53' title='bbox 964 1031 1036 1076; x_wconf 92' lang='lat' dir='ltr'><strong>cum</strong></span> <span class='ocrx_word' id='word_1_54' title='bbox 1060 1009 1113 1075; x_wconf 91' lang='lat' dir='ltr'><strong>diu</strong></span> <span class='ocrx_word' id='word_1_55' title='bbox 1135 1009 1317 1090; x_wconf 77' lang='lat' dir='ltr'><strong>sustineret,</strong></span> <span class='ocrx_word' id='word_1_56' title='bbox 1341 1032 1407 1076; x_wconf 91' lang='lat' dir='ltr'><strong>non</strong></span> 
     </span>
     <span class='ocr_line' id='line_1_8' title="bbox 254 1113 1408 1199; baseline 0.001 -21"><span class='ocrx_word' id='word_1_57' title='bbox 254 1115 351 1182; x_wconf 83' lang='lat' dir='ltr'><strong>venit.</strong></span> <span class='ocrx_word' id='word_1_58' title='bbox 398 1114 602 1182; x_wconf 83' lang='lat' dir='ltr'><strong>Postmodum</strong></span> <span class='ocrx_word' id='word_1_59' title='bbox 626 1119 732 1180; x_wconf 82' lang='lat' dir='ltr'><strong>sutem</strong></span> <span class='ocrx_word' id='word_1_60' title='bbox 756 1114 862 1179; x_wconf 84' lang='lat' dir='ltr'><strong>exieus</strong></span> <span class='ocrx_word' id='word_1_61' title='bbox 884 1113 970 1180; x_wconf 83' lang='lat' dir='ltr'><strong>fores</strong></span> <span class='ocrx_word' id='word_1_62' title='bbox 986 1114 1168 1199; x_wconf 78' lang='lat' dir='ltr'><strong>requirebat</strong></span> <span class='ocrx_word' id='word_1_63' title='bbox 1183 1137 1264 1194; x_wconf 83' lang='lat' dir='ltr'><strong>enm,</strong></span> <span class='ocrx_word' id='word_1_64' title='bbox 1287 1118 1320 1179; x_wconf 90' lang='lat' dir='ltr'><strong>et</strong></span> <span class='ocrx_word' id='word_1_65' title='bbox 1335 1136 1408 1180; x_wconf 89' lang='lat' dir='ltr'><strong>cum</strong></span> 
     </span>
     <span class='ocr_line' id='line_1_9' title="bbox 255 1218 1406 1307; baseline 0 -23"><span class='ocrx_word' id='word_1_66' title='bbox 255 1241 319 1285; x_wconf 90' lang='lat' dir='ltr'><strong>non</strong></span> <span class='ocrx_word' id='word_1_67' title='bbox 349 1221 534 1304; x_wconf 83' lang='lat' dir='ltr'><strong>reperisset,</strong></span> <span class='ocrx_word' id='word_1_68' title='bbox 566 1219 649 1284; x_wconf 83' lang='lat' dir='ltr'><strong>dixit</strong></span> <span class='ocrx_word' id='word_1_69' title='bbox 676 1218 716 1284; x_wconf 82' lang='lat' dir='ltr'><strong>ed</strong></span> <span class='ocrx_word' id='word_1_70' title='bbox 746 1218 861 1284; x_wconf 76' lang='lat' dir='ltr'><strong>fratres</strong></span> <span class='ocrx_word' id='word_1_71' title='bbox 891 1218 954 1284; x_wconf 82' lang='lat' dir='ltr'><strong>loci</strong></span> <span class='ocrx_word' id='word_1_72' title='bbox 986 1219 1073 1284; x_wconf 89' lang='lat' dir='ltr'><strong>illius</strong></span> <span class='ocrx_word' id='word_1_73' title='bbox 1104 1221 1305 1307; x_wconf 76' lang='lat' dir='ltr'><strong>interrogans</strong></span> <span class='ocrx_word' id='word_1_74' title='bbox 1334 1241 1406 1296; x_wconf 80' lang='lat' dir='ltr'><strong>eos:</strong></span> 
     </span>
     <span class='ocr_line' id='line_1_10' title="bbox 257 1323 1406 1410; baseline 0.001 -23"><span class='ocrx_word' id='word_1_75' title='bbox 257 1323 313 1389; x_wconf 92' lang='lat' dir='ltr'><strong>ubi</strong></span> <span class='ocrx_word' id='word_1_76' title='bbox 335 1327 384 1389; x_wconf 88' lang='lat' dir='ltr'><strong>est</strong></span> <span class='ocrx_word' id='word_1_77' title='bbox 406 1323 504 1390; x_wconf 82' lang='lat' dir='ltr'><strong>ebbae</strong></span> <span class='ocrx_word' id='word_1_78' title='bbox 520 1324 576 1389; x_wconf 88' lang='lat' dir='ltr'><strong>ille</strong></span> <span class='ocrx_word' id='word_1_79' title='bbox 591 1345 695 1401; x_wconf 78' lang='lat' dir='ltr'><strong>senex,</strong></span> <span class='ocrx_word' id='word_1_80' title='bbox 720 1324 775 1408; x_wconf 92' lang='lat' dir='ltr'><strong>qui</strong></span> <span class='ocrx_word' id='word_1_81' title='bbox 790 1345 912 1388; x_wconf 89' lang='lat' dir='ltr'><strong>mecum</strong></span> <span class='ocrx_word' id='word_1_82' title='bbox 929 1324 1091 1410; x_wconf 77' lang='lat' dir='ltr'><strong>ingressus</strong></span> <span class='ocrx_word' id='word_1_83' title='bbox 1107 1324 1203 1390; x_wconf 83' lang='lat' dir='ltr'><strong>estin</strong></span> <span class='ocrx_word' id='word_1_84' title='bbox 1219 1323 1406 1390; x_wconf 78' lang='lat' dir='ltr'><strong>ecclesiam?</strong></span> 
     </span>
     <span class='ocr_line' id='line_1_11' title="bbox 220 1429 1406 1497; baseline 0.004 -5"><span class='ocrx_word' id='word_1_85' title='bbox 220 1455 245 1492; x_wconf 85' lang='lat' dir='ltr'><strong>ro</strong></span> <span class='ocrx_word' id='word_1_86' title='bbox 259 1429 301 1494; x_wconf 83' lang='lat' dir='ltr'><strong>Et</strong></span> <span class='ocrx_word' id='word_1_87' title='bbox 331 1431 442 1497; x_wconf 89' lang='lat' dir='ltr'><strong>dicunt</strong></span> <span class='ocrx_word' id='word_1_88' title='bbox 470 1433 516 1497; x_wconf 89' lang='lat' dir='ltr'><strong>ei:</strong></span> <span class='ocrx_word' id='word_1_89' title='bbox 550 1451 608 1496; x_wconf 81' lang='lat' dir='ltr'><strong>nos</strong></span> <span class='ocrx_word' id='word_1_90' title='bbox 636 1430 794 1494; x_wconf 89' lang='lat' dir='ltr'><strong>neminem</strong></span> <span class='ocrx_word' id='word_1_91' title='bbox 827 1430 964 1496; x_wconf 82' lang='lat' dir='ltr'><strong>vidimus</strong></span> <span class='ocrx_word' id='word_1_92' title='bbox 993 1431 1092 1497; x_wconf 83' lang='lat' dir='ltr'><strong>ulium</strong></span> <span class='ocrx_word' id='word_1_93' title='bbox 1126 1429 1189 1494; x_wconf 89' lang='lat' dir='ltr'><strong>nisi</strong></span> <span class='ocrx_word' id='word_1_94' title='bbox 1221 1433 1255 1494; x_wconf 83' lang='lat' dir='ltr'><strong>te</strong></span> <span class='ocrx_word' id='word_1_95' title='bbox 1287 1433 1406 1497; x_wconf 82' lang='lat' dir='ltr'><strong>tumen.</strong></span> 
     </span>
     <span class='ocr_line' id='line_1_12' title="bbox 255 1531 1408 1618; baseline -0.003 -18"><span class='ocrx_word' id='word_1_96' title='bbox 255 1535 345 1600; x_wconf 89' lang='lat' dir='ltr'><strong>Tune</strong></span> <span class='ocrx_word' id='word_1_97' title='bbox 368 1534 521 1616; x_wconf 69' lang='lat' dir='ltr'><strong>cogitavit</strong></span> <span class='ocrx_word' id='word_1_98' title='bbox 543 1533 642 1600; x_wconf 82' lang='lat' dir='ltr'><strong>freter</strong></span> <span class='ocrx_word' id='word_1_99' title='bbox 665 1533 728 1612; x_wconf 84' lang='lat' dir='ltr'><strong>ille,</strong></span> <span class='ocrx_word' id='word_1_100' title='bbox 753 1533 835 1618; x_wconf 89' lang='lat' dir='ltr'><strong>qued</strong></span> <span class='ocrx_word' id='word_1_101' title='bbox 861 1535 984 1600; x_wconf 82' lang='lat' dir='ltr'><strong>daemon</strong></span> <span class='ocrx_word' id='word_1_102' title='bbox 1005 1533 1129 1612; x_wconf 85' lang='lat' dir='ltr'><strong>fuisset,</strong></span> <span class='ocrx_word' id='word_1_103' title='bbox 1152 1537 1186 1597; x_wconf 89' lang='lat' dir='ltr'><strong>et</strong></span> <span class='ocrx_word' id='word_1_104' title='bbox 1209 1531 1304 1598; x_wconf 85' lang='lat' dir='ltr'><strong>dixit:</strong></span> <span class='ocrx_word' id='word_1_105' title='bbox 1326 1532 1408 1612; x_wconf 80' lang='lat' dir='ltr'><strong>vide,</strong></span> 
     </span>
     <span class='ocr_line' id='line_1_13' title="bbox 255 1625 1407 1725; baseline -0.002 -21"><span class='ocrx_word' id='word_1_106' title='bbox 255 1625 332 1704; x_wconf 88' lang='lat' dir='ltr'><strong>oum</strong></span> <span class='ocrx_word' id='word_1_107' title='bbox 356 1662 419 1724; x_wconf 84' lang='lat' dir='ltr'><strong>que</strong></span> <span class='ocrx_word' id='word_1_108' title='bbox 441 1639 568 1725; x_wconf 82' lang='lat' dir='ltr'><strong>argutis</strong></span> <span class='ocrx_word' id='word_1_109' title='bbox 591 1637 736 1704; x_wconf 77' lang='lat' dir='ltr'><strong>diabolus</strong></span> <span class='ocrx_word' id='word_1_110' title='bbox 759 1637 852 1722; x_wconf 85' lang='lat' dir='ltr'><strong>ejecit</strong></span> <span class='ocrx_word' id='word_1_111' title='bbox 878 1661 928 1704; x_wconf 90' lang='lat' dir='ltr'><strong>me</strong></span> <span class='ocrx_word' id='word_1_112' title='bbox 951 1639 989 1704; x_wconf 91' lang='lat' dir='ltr'><strong>de</strong></span> <span class='ocrx_word' id='word_1_113' title='bbox 1011 1640 1092 1704; x_wconf 86' lang='lat' dir='ltr'><strong>cells</strong></span> <span class='ocrx_word' id='word_1_114' title='bbox 1114 1660 1190 1717; x_wconf 84' lang='lat' dir='ltr'><strong>suu,</strong></span> <span class='ocrx_word' id='word_1_115' title='bbox 1223 1638 1277 1705; x_wconf 88' lang='lat' dir='ltr'><strong>sed</strong></span> <span class='ocrx_word' id='word_1_116' title='bbox 1299 1641 1407 1702; x_wconf 81' lang='lat' dir='ltr'><strong>temen</strong></span> 
     </span>
     <span class='ocr_line' id='line_1_14' title="bbox 254 1741 1407 1830; baseline 0 -22"><span class='ocrx_word' id='word_1_117' title='bbox 254 1765 319 1808; x_wconf 90' lang='lat' dir='ltr'><strong>non</strong></span> <span class='ocrx_word' id='word_1_118' title='bbox 341 1766 392 1808; x_wconf 89' lang='lat' dir='ltr'><strong>me</strong></span> <span class='ocrx_word' id='word_1_119' title='bbox 413 1743 564 1828; x_wconf 81' lang='lat' dir='ltr'><strong>poenitet,</strong></span> <span class='ocrx_word' id='word_1_120' title='bbox 595 1743 671 1828; x_wconf 82' lang='lat' dir='ltr'><strong>quis</strong></span> <span class='ocrx_word' id='word_1_121' title='bbox 698 1741 737 1808; x_wconf 84' lang='lat' dir='ltr'><strong>ed</strong></span> <span class='ocrx_word' id='word_1_122' title='bbox 760 1765 839 1828; x_wconf 90' lang='lat' dir='ltr'><strong>opus</strong></span> <span class='ocrx_word' id='word_1_123' title='bbox 862 1744 982 1810; x_wconf 90' lang='lat' dir='ltr'><strong>bonum</strong></span> <span class='ocrx_word' id='word_1_124' title='bbox 1004 1745 1095 1825; x_wconf 78' lang='lat' dir='ltr'><strong>veni,</strong></span> <span class='ocrx_word' id='word_1_125' title='bbox 1126 1744 1267 1830; x_wconf 81' lang='lat' dir='ltr'><strong>percipio</strong></span> <span class='ocrx_word' id='word_1_126' title='bbox 1291 1763 1407 1828; x_wconf 83' lang='lat' dir='ltr'><strong>corpus</strong></span> 
     </span>
     <span class='ocr_line' id='line_1_15' title="bbox 255 1845 1409 1932; baseline 0 -20"><span class='ocrx_word' id='word_1_127' title='bbox 255 1851 287 1912; x_wconf 90' lang='lat' dir='ltr'><strong>et</strong></span> <span class='ocrx_word' id='word_1_128' title='bbox 309 1847 496 1932; x_wconf 78' lang='lat' dir='ltr'><strong>sanguinem</strong></span> <span class='ocrx_word' id='word_1_129' title='bbox 520 1845 639 1912; x_wconf 80' lang='lat' dir='ltr'><strong>Christi</strong></span> <span class='ocrx_word' id='word_1_130' title='bbox 670 1851 703 1913; x_wconf 91' lang='lat' dir='ltr'><strong>et</strong></span> <span class='ocrx_word' id='word_1_131' title='bbox 731 1852 872 1913; x_wconf 82' lang='lat' dir='ltr'><strong>revertur</strong></span> <span class='ocrx_word' id='word_1_132' title='bbox 900 1849 933 1914; x_wconf 92' lang='lat' dir='ltr'><strong>in</strong></span> <span class='ocrx_word' id='word_1_133' title='bbox 966 1850 1077 1915; x_wconf 82' lang='lat' dir='ltr'><strong>cellum</strong></span> <span class='ocrx_word' id='word_1_134' title='bbox 1108 1851 1226 1915; x_wconf 78' lang='lat' dir='ltr'><strong>mecm!</strong></span> <span class='ocrx_word' id='word_1_135' title='bbox 1261 1847 1303 1913; x_wconf 75' lang='lat' dir='ltr'><strong>u:</strong></span> <span class='ocrx_word' id='word_1_136' title='bbox 1333 1851 1409 1932; x_wconf 86' lang='lat' dir='ltr'><strong>pest</strong></span> 
     </span>
     <span class='ocr_line' id='line_1_16' title="bbox 218 1952 1409 2048; baseline 0.002 -33"><span class='ocrx_word' id='word_1_137' title='bbox 218 1977 243 2015; x_wconf 82' lang='lat' dir='ltr'><strong>rs</strong></span> <span class='ocrx_word' id='word_1_138' title='bbox 258 1952 370 2017; x_wconf 84' lang='lat' dir='ltr'><strong>missus</strong></span> <span class='ocrx_word' id='word_1_139' title='bbox 392 1952 550 2018; x_wconf 83' lang='lat' dir='ltr'><strong>volentem</strong></span> <span class='ocrx_word' id='word_1_140' title='bbox 578 1953 694 2017; x_wconf 86' lang='lat' dir='ltr'><strong>reverti</strong></span> <span class='ocrx_word' id='word_1_141' title='bbox 725 1953 829 2018; x_wconf 90' lang='lat' dir='ltr'><strong>tenuit</strong></span> <span class='ocrx_word' id='word_1_142' title='bbox 860 1953 1060 2048; x_wconf 55' lang='lat' dir='ltr'><strong>eum·ebbes</strong></span> <span class='ocrx_word' id='word_1_143' title='bbox 1090 1953 1276 2019; x_wconf 69' lang='lat' dir='ltr'><strong>monasterii</strong></span> <span class='ocrx_word' id='word_1_144' title='bbox 1307 1953 1409 2038; x_wconf 88' lang='lat' dir='ltr'><strong>ipsius</strong></span> 
     </span>
     <span class='ocr_line' id='line_1_17' title="bbox 257 2056 1409 2144; baseline 0.001 -23"><span class='ocrx_word' id='word_1_145' title='bbox 257 2057 382 2122; x_wconf 86' lang='lat' dir='ltr'><strong>dicens:</strong></span> <span class='ocrx_word' id='word_1_146' title='bbox 406 2057 469 2121; x_wconf 91' lang='lat' dir='ltr'><strong>nisi</strong></span> <span class='ocrx_word' id='word_1_147' title='bbox 484 2056 682 2137; x_wconf 82' lang='lat' dir='ltr'><strong>terefeceris,</strong></span> <span class='ocrx_word' id='word_1_148' title='bbox 705 2079 770 2122; x_wconf 92' lang='lat' dir='ltr'><strong>nou</strong></span> <span class='ocrx_word' id='word_1_149' title='bbox 786 2059 982 2124; x_wconf 88' lang='lat' dir='ltr'><strong>dimittemus</strong></span> <span class='ocrx_word' id='word_1_150' title='bbox 998 2063 1038 2124; x_wconf 91' lang='lat' dir='ltr'><strong>te.</strong></span> <span class='ocrx_word' id='word_1_151' title='bbox 1069 2059 1112 2124; x_wconf 79' lang='lat' dir='ltr'><strong>Et</strong></span> <span class='ocrx_word' id='word_1_152' title='bbox 1129 2080 1201 2124; x_wconf 89' lang='lat' dir='ltr'><strong>cum</strong></span> <span class='ocrx_word' id='word_1_153' title='bbox 1215 2057 1409 2144; x_wconf 78' lang='lat' dir='ltr'><strong>percepisset</strong></span> 
     </span>
     <span class='ocr_line' id='line_1_18' title="bbox 256 2162 1406 2248; baseline 0.001 -21"><span class='ocrx_word' id='word_1_154' title='bbox 256 2162 363 2227; x_wconf 91' lang='lat' dir='ltr'><strong>cibum</strong></span> <span class='ocrx_word' id='word_1_155' title='bbox 385 2166 419 2228; x_wconf 91' lang='lat' dir='ltr'><strong>et</strong></span> <span class='ocrx_word' id='word_1_156' title='bbox 439 2163 563 2248; x_wconf 81' lang='lat' dir='ltr'><strong>regredi</strong></span> <span class='ocrx_word' id='word_1_157' title='bbox 586 2164 682 2229; x_wconf 87' lang='lat' dir='ltr'><strong>vellet</strong></span> <span class='ocrx_word' id='word_1_158' title='bbox 704 2165 737 2228; x_wconf 92' lang='lat' dir='ltr'><strong>in</strong></span> <span class='ocrx_word' id='word_1_159' title='bbox 761 2164 873 2230; x_wconf 80' lang='lat' dir='ltr'><strong>cellam</strong></span> <span class='ocrx_word' id='word_1_160' title='bbox 896 2187 1001 2244; x_wconf 84' lang='lat' dir='ltr'><strong>suem,</strong></span> <span class='ocrx_word' id='word_1_161' title='bbox 1028 2187 1098 2234; x_wconf 87' lang='lat' dir='ltr'><strong>ecoe</strong></span> <span class='ocrx_word' id='word_1_162' title='bbox 1120 2166 1237 2231; x_wconf 87' lang='lat' dir='ltr'><strong>iterum</strong></span> <span class='ocrx_word' id='word_1_163' title='bbox 1260 2163 1406 2231; x_wconf 71' lang='lat' dir='ltr'><strong>diabolus</strong></span> 
     </span>
     <span class='ocr_line' id='line_1_19' title="bbox 255 2267 1406 2356; baseline -0.001 -24"><span class='ocrx_word' id='word_1_164' title='bbox 255 2267 400 2332; x_wconf 86' lang='lat' dir='ltr'><strong>venitin</strong></span> <span class='ocrx_word' id='word_1_165' title='bbox 423 2267 633 2333; x_wconf 88' lang='lat' dir='ltr'><strong>similitudine</strong></span> <span class='ocrx_word' id='word_1_166' title='bbox 654 2268 815 2353; x_wconf 82' lang='lat' dir='ltr'><strong>cujusdem</strong></span> <span class='ocrx_word' id='word_1_167' title='bbox 834 2269 961 2355; x_wconf 86' lang='lat' dir='ltr'><strong>juvenis</strong></span> <span class='ocrx_word' id='word_1_168' title='bbox 984 2270 1133 2336; x_wconf 81' lang='lat' dir='ltr'><strong>secularis</strong></span> <span class='ocrx_word' id='word_1_169' title='bbox 1160 2273 1193 2334; x_wconf 91' lang='lat' dir='ltr'><strong>et</strong></span> <span class='ocrx_word' id='word_1_170' title='bbox 1215 2270 1312 2356; x_wconf 87' lang='lat' dir='ltr'><strong>coepit</strong></span> <span class='ocrx_word' id='word_1_171' title='bbox 1333 2290 1406 2333; x_wconf 91' lang='lat' dir='ltr'><strong>eum</strong></span> 
     </span>
     <span class='ocr_line' id='line_1_20' title="bbox 256 2373 1406 2460; baseline 0.002 -24"><span class='ocrx_word' id='word_1_172' title='bbox 256 2373 411 2457; x_wconf 86' lang='lat' dir='ltr'><strong>respicere</strong></span> <span class='ocrx_word' id='word_1_173' title='bbox 434 2395 453 2438; x_wconf 81' lang='lat' dir='ltr'>a</span> <span class='ocrx_word' id='word_1_174' title='bbox 474 2395 598 2438; x_wconf 88' lang='lat' dir='ltr'><strong>summo</strong></span> <span class='ocrx_word' id='word_1_175' title='bbox 621 2373 734 2458; x_wconf 83' lang='lat' dir='ltr'><strong>cepitis</strong></span> <span class='ocrx_word' id='word_1_176' title='bbox 757 2395 858 2458; x_wconf 88' lang='lat' dir='ltr'><strong>nsque</strong></span> <span class='ocrx_word' id='word_1_177' title='bbox 879 2373 918 2438; x_wconf 84' lang='lat' dir='ltr'><strong>ud</strong></span> <span class='ocrx_word' id='word_1_178' title='bbox 941 2373 1035 2458; x_wconf 89' lang='lat' dir='ltr'><strong>pedes</strong></span> <span class='ocrx_word' id='word_1_179' title='bbox 1059 2379 1091 2439; x_wconf 90' lang='lat' dir='ltr'><strong>et</strong></span> <span class='ocrx_word' id='word_1_180' title='bbox 1114 2374 1232 2440; x_wconf 89' lang='lat' dir='ltr'><strong>dicere:</strong></span> <span class='ocrx_word' id='word_1_181' title='bbox 1263 2375 1333 2460; x_wconf 91' lang='lat' dir='ltr'><strong>ipse</strong></span> <span class='ocrx_word' id='word_1_182' title='bbox 1355 2375 1406 2438; x_wconf 90' lang='lat' dir='ltr'><strong>est</strong></span> 
     </span>
     <span class='ocr_line' id='line_1_21' title="bbox 217 2477 1406 2562; baseline 0 -20"><span class='ocrx_word' id='word_1_183' title='bbox 217 2504 243 2542; x_wconf 79' lang='lat' dir='ltr'><strong>so</strong></span> <span class='ocrx_word' id='word_1_184' title='bbox 257 2477 342 2542; x_wconf 77' lang='lat' dir='ltr'><strong>iste?</strong></span> <span class='ocrx_word' id='word_1_185' title='bbox 364 2499 430 2542; x_wconf 92' lang='lat' dir='ltr'><strong>non</strong></span> <span class='ocrx_word' id='word_1_186' title='bbox 453 2482 501 2542; x_wconf 91' lang='lat' dir='ltr'><strong>est</strong></span> <span class='ocrx_word' id='word_1_187' title='bbox 523 2477 584 2543; x_wconf 89' lang='lat' dir='ltr'><strong>hic.</strong></span> <span class='ocrx_word' id='word_1_188' title='bbox 631 2477 673 2542; x_wconf 82' lang='lat' dir='ltr'><strong>Et</strong></span> <span class='ocrx_word' id='word_1_189' title='bbox 694 2478 789 2562; x_wconf 85' lang='lat' dir='ltr'><strong>coepit</strong></span> <span class='ocrx_word' id='word_1_190' title='bbox 812 2499 883 2542; x_wconf 93' lang='lat' dir='ltr'><strong>eum</strong></span> <span class='ocrx_word' id='word_1_191' title='bbox 906 2478 1106 2545; x_wconf 77' lang='lat' dir='ltr'><strong>considerare</strong></span> <span class='ocrx_word' id='word_1_192' title='bbox 1128 2483 1160 2544; x_wconf 93' lang='lat' dir='ltr'><strong>et</strong></span> <span class='ocrx_word' id='word_1_193' title='bbox 1184 2478 1265 2543; x_wconf 84' lang='lat' dir='ltr'><strong>dixit</strong></span> <span class='ocrx_word' id='word_1_194' title='bbox 1287 2477 1317 2543; x_wconf 90' lang='lat' dir='ltr'><strong>ei</strong></span> <span class='ocrx_word' id='word_1_195' title='bbox 1339 2477 1406 2542; x_wconf 82' lang='lat' dir='ltr'><strong>fre·</strong></span> 
     </span>
     <span class='ocr_line' id='line_1_22' title="bbox 257 2582 1406 2670; baseline -0.001 -22"><span class='ocrx_word' id='word_1_196' title='bbox 257 2585 321 2648; x_wconf 87' lang='lat' dir='ltr'><strong>ter:</strong></span> <span class='ocrx_word' id='word_1_197' title='bbox 346 2603 440 2666; x_wconf 89' lang='lat' dir='ltr'><strong>quem</strong></span> <span class='ocrx_word' id='word_1_198' title='bbox 455 2583 501 2647; x_wconf 87' lang='lat' dir='ltr'><strong>sio</strong></span> <span class='ocrx_word' id='word_1_199' title='bbox 515 2584 667 2666; x_wconf 81' lang='lat' dir='ltr'><strong>respicis?</strong></span> <span class='ocrx_word' id='word_1_200' title='bbox 690 2582 737 2649; x_wconf 85' lang='lat' dir='ltr'><strong>At</strong></span> <span class='ocrx_word' id='word_1_201' title='bbox 750 2583 806 2648; x_wconf 89' lang='lat' dir='ltr'><strong>ille</strong></span> <span class='ocrx_word' id='word_1_202' title='bbox 819 2584 883 2650; x_wconf 84' lang='lat' dir='ltr'><strong>eit:</strong></span> <span class='ocrx_word' id='word_1_203' title='bbox 907 2587 995 2669; x_wconf 84' lang='lat' dir='ltr'><strong>puto,</strong></span> <span class='ocrx_word' id='word_1_204' title='bbox 1018 2584 1254 2670; x_wconf 79' lang='lat' dir='ltr'><strong>meoognoscis.</strong></span> <span class='ocrx_word' id='word_1_205' title='bbox 1285 2583 1406 2648; x_wconf 82' lang='lat' dir='ltr'><strong>Temen</strong></span> 
     </span>
     <span class='ocr_line' id='line_1_23' title="bbox 256 2687 1406 2775; baseline 0 -24"><span class='ocrx_word' id='word_1_206' title='bbox 256 2691 329 2772; x_wconf 90' lang='lat' dir='ltr'><strong>post</strong></span> <span class='ocrx_word' id='word_1_207' title='bbox 351 2691 476 2751; x_wconf 83' lang='lat' dir='ltr'><strong>tuntum</strong></span> <span class='ocrx_word' id='word_1_208' title='bbox 499 2691 625 2772; x_wconf 88' lang='lat' dir='ltr'><strong>tempus</strong></span> <span class='ocrx_word' id='word_1_209' title='bbox 648 2689 804 2773; x_wconf 90' lang='lat' dir='ltr'><strong>quomode</strong></span> <span class='ocrx_word' id='word_1_210' title='bbox 826 2711 877 2754; x_wconf 90' lang='lat' dir='ltr'><strong>me</strong></span> <span class='ocrx_word' id='word_1_211' title='bbox 898 2687 995 2753; x_wconf 78' lang='lat' dir='ltr'><strong>habes</strong></span> <span class='ocrx_word' id='word_1_212' title='bbox 1026 2690 1236 2774; x_wconf 76' lang='lat' dir='ltr'><strong>cognoscere?</strong></span> <span class='ocrx_word' id='word_1_213' title='bbox 1266 2687 1335 2775; x_wconf 76' lang='lat' dir='ltr'><strong>Ego</strong></span> <span class='ocrx_word' id='word_1_214' title='bbox 1358 2687 1406 2751; x_wconf 86' lang='lat' dir='ltr'><strong>ri-</strong></span> 
     </span>
     <span class='ocr_line' id='line_1_24' title="bbox 256 2790 1408 2876; baseline 0 -20"><span class='ocrx_word' id='word_1_215' title='bbox 256 2793 347 2856; x_wconf 83' lang='lat' dir='ltr'><strong>cinus</strong></span> <span class='ocrx_word' id='word_1_216' title='bbox 370 2790 471 2876; x_wconf 82' lang='lat' dir='ltr'><strong>petris</strong></span> <span class='ocrx_word' id='word_1_217' title='bbox 494 2792 553 2870; x_wconf 89' lang='lat' dir='ltr'><strong>tui,</strong></span> <span class='ocrx_word' id='word_1_218' title='bbox 575 2792 661 2857; x_wconf 84' lang='lat' dir='ltr'><strong>tilius</strong></span> <span class='ocrx_word' id='word_1_219' title='bbox 685 2793 780 2858; x_wconf 90' lang='lat' dir='ltr'><strong>illius.</strong></span> <span class='ocrx_word' id='word_1_220' title='bbox 827 2793 1016 2870; x_wconf 77' lang='lat' dir='ltr'><strong>Quomodo?</strong></span> <span class='ocrx_word' id='word_1_221' title='bbox 1038 2816 1102 2860; x_wconf 86' lang='lat' dir='ltr'><strong>non</strong></span> <span class='ocrx_word' id='word_1_222' title='bbox 1126 2797 1175 2859; x_wconf 92' lang='lat' dir='ltr'><strong>est</strong></span> <span class='ocrx_word' id='word_1_223' title='bbox 1197 2792 1302 2859; x_wconf 88' lang='lat' dir='ltr'><strong>dictus</strong></span> <span class='ocrx_word' id='word_1_224' title='bbox 1316 2795 1408 2876; x_wconf 84' lang='lat' dir='ltr'><strong>pater</strong></span> 
     </span>
     <span class='ocr_line' id='line_1_25' title="bbox 256 2887 1408 2965; baseline 0.002 -6"><span class='ocrx_word' id='word_1_225' title='bbox 256 2899 330 2960; x_wconf 88' lang='lat' dir='ltr'><strong>tuus</strong></span> <span class='ocrx_word' id='word_1_226' title='bbox 353 2895 398 2961; x_wconf 91' lang='lat' dir='ltr'><strong>sic</strong></span> <span class='ocrx_word' id='word_1_227' title='bbox 420 2899 453 2960; x_wconf 87' lang='lat' dir='ltr'><strong>et</strong></span> <span class='ocrx_word' id='word_1_228' title='bbox 474 2900 576 2961; x_wconf 83' lang='lat' dir='ltr'><strong>meter</strong></span> <span class='ocrx_word' id='word_1_229' title='bbox 596 2901 653 2965; x_wconf 81' lang='lat' dir='ltr'><strong>tna</strong></span> <span class='ocrx_word' id='word_1_230' title='bbox 675 2899 740 2965; x_wconf 80' lang='lat' dir='ltr'><strong>tels</strong></span> <span class='ocrx_word' id='word_1_231' title='bbox 762 2919 878 2964; x_wconf 89' lang='lat' dir='ltr'><strong>nomen</strong></span> <span class='ocrx_word' id='word_1_232' title='bbox 902 2919 966 2964; x_wconf 89' lang='lat' dir='ltr'><strong>non</strong></span> <span class='ocrx_word' id='word_1_233' title='bbox 990 2897 1126 2964; x_wconf 75' lang='lat' dir='ltr'><strong>habuit?</strong></span> <span class='ocrx_word' id='word_1_234' title='bbox 1149 2897 1199 2962; x_wconf 85' lang='lat' dir='ltr'><strong>Tu</strong></span> <span class='ocrx_word' id='word_1_235' title='bbox 1219 2887 1253 2963; x_wconf 76' lang='lat' dir='ltr'><strong>e&#39;t</strong></span> <span class='ocrx_word' id='word_1_236' title='bbox 1273 2899 1319 2962; x_wconf 90' lang='lat' dir='ltr'><strong>sic</strong></span> <span class='ocrx_word' id='word_1_237' title='bbox 1341 2918 1408 2962; x_wconf 88' lang='lat' dir='ltr'><strong>non</strong></span> 
     </span>
     <span class='ocr_line' id='line_1_26' title="bbox 217 2999 1409 3086; baseline 0 -20"><span class='ocrx_word' id='word_1_238' title='bbox 217 3026 243 3066; x_wconf 80' lang='lat' dir='ltr'><strong>ss</strong></span> <span class='ocrx_word' id='word_1_239' title='bbox 257 3000 377 3064; x_wconf 81' lang='lat' dir='ltr'><strong>vocaris</strong></span> <span class='ocrx_word' id='word_1_240' title='bbox 406 3003 439 3065; x_wconf 88' lang='lat' dir='ltr'><strong>et</strong></span> <span class='ocrx_word' id='word_1_241' title='bbox 461 3002 619 3086; x_wconf 81' lang='lat' dir='ltr'><strong>mancipis</strong></span> <span class='ocrx_word' id='word_1_242' title='bbox 650 3002 706 3068; x_wconf 83' lang='lat' dir='ltr'><strong>illa</strong></span> <span class='ocrx_word' id='word_1_243' title='bbox 737 3007 770 3069; x_wconf 88' lang='lat' dir='ltr'><strong>et</strong></span> <span class='ocrx_word' id='word_1_244' title='bbox 799 3003 856 3069; x_wconf 83' lang='lat' dir='ltr'><strong>illu</strong></span> <span class='ocrx_word' id='word_1_245' title='bbox 886 3005 932 3069; x_wconf 91' lang='lat' dir='ltr'><strong>sic</strong></span> <span class='ocrx_word' id='word_1_246' title='bbox 963 3027 1028 3071; x_wconf 89' lang='lat' dir='ltr'><strong>non</strong></span> <span class='ocrx_word' id='word_1_247' title='bbox 1058 3007 1134 3068; x_wconf 87' lang='lat' dir='ltr'><strong>suut</strong></span> <span class='ocrx_word' id='word_1_248' title='bbox 1165 3002 1274 3070; x_wconf 73' lang='lat' dir='ltr'><strong>dictet</strong></span> <span class='ocrx_word' id='word_1_249' title='bbox 1303 2999 1409 3068; x_wconf 82' lang='lat' dir='ltr'><strong>Meter</strong></span> 
     </span>
     <span class='ocr_line' id='line_1_27' title="bbox 257 3107 1427 3182; baseline 0.005 -16"><span class='ocrx_word' id='word_1_250' title='bbox 257 3126 330 3171; x_wconf 85' lang='lat' dir='ltr'><strong>vero</strong></span> <span class='ocrx_word' id='word_1_251' title='bbox 352 3108 408 3169; x_wconf 85' lang='lat' dir='ltr'><strong>tue</strong></span> <span class='ocrx_word' id='word_1_252' title='bbox 437 3108 468 3170; x_wconf 90' lang='lat' dir='ltr'><strong>et</strong></span> <span class='ocrx_word' id='word_1_253' title='bbox 490 3127 578 3171; x_wconf 89' lang='lat' dir='ltr'><strong>soror</strong></span> <span class='ocrx_word' id='word_1_254' title='bbox 601 3112 657 3173; x_wconf 85' lang='lat' dir='ltr'><strong>tus</strong></span> <span class='ocrx_word' id='word_1_255' title='bbox 688 3112 762 3174; x_wconf 83' lang='lat' dir='ltr'><strong>ante</strong></span> <span class='ocrx_word' id='word_1_256' title='bbox 792 3111 857 3174; x_wconf 91' lang='lat' dir='ltr'><strong>tres</strong></span> <span class='ocrx_word' id='word_1_257' title='bbox 891 3131 993 3175; x_wconf 81' lang='lat' dir='ltr'><strong>annos</strong></span> <span class='ocrx_word' id='word_1_258' title='bbox 1023 3111 1158 3174; x_wconf 73' lang='lat' dir='ltr'><strong>morture</strong></span> <span class='ocrx_word' id='word_1_259' title='bbox 1180 3112 1266 3173; x_wconf 88' lang='lat' dir='ltr'><strong>sunt.</strong></span> <span class='ocrx_word' id='word_1_260' title='bbox 1312 3107 1427 3182; x_wconf 82' lang='lat' dir='ltr'><strong>Peter,</strong></span> 
     </span>
     <span class='ocr_line' id='line_1_28' title="bbox 256 3209 1406 3279; baseline 0 -3"><span class='ocrx_word' id='word_1_261' title='bbox 256 3214 363 3276; x_wconf 81' lang='lat' dir='ltr'><strong>nutem</strong></span> <span class='ocrx_word' id='word_1_262' title='bbox 384 3215 459 3278; x_wconf 89' lang='lat' dir='ltr'><strong>tuus</strong></span> <span class='ocrx_word' id='word_1_263' title='bbox 481 3212 574 3277; x_wconf 87' lang='lat' dir='ltr'><strong>modo</strong></span> <span class='ocrx_word' id='word_1_264' title='bbox 597 3211 764 3279; x_wconf 85' lang='lat' dir='ltr'><strong>defunctus</strong></span> <span class='ocrx_word' id='word_1_265' title='bbox 786 3217 834 3279; x_wconf 87' lang='lat' dir='ltr'><strong>est</strong></span> <span class='ocrx_word' id='word_1_266' title='bbox 865 3217 898 3279; x_wconf 88' lang='lat' dir='ltr'><strong>et</strong></span> <span class='ocrx_word' id='word_1_267' title='bbox 927 3217 960 3278; x_wconf 84' lang='lat' dir='ltr'><strong>te</strong></span> <span class='ocrx_word' id='word_1_268' title='bbox 989 3211 1066 3278; x_wconf 86' lang='lat' dir='ltr'><strong>fecit</strong></span> <span class='ocrx_word' id='word_1_269' title='bbox 1096 3209 1251 3278; x_wconf 79' lang='lat' dir='ltr'><strong>haeredem</strong></span> <span class='ocrx_word' id='word_1_270' title='bbox 1280 3211 1406 3277; x_wconf 88' lang='lat' dir='ltr'><strong>dicens:</strong></span> 
     </span>
     <span class='ocr_line' id='line_1_29' title="bbox 257 3315 1408 3395; baseline 0.002 -15"><span class='ocrx_word' id='word_1_271' title='bbox 257 3315 308 3380; x_wconf 90' lang='lat' dir='ltr'><strong>cui</strong></span> <span class='ocrx_word' id='word_1_272' title='bbox 340 3315 440 3382; x_wconf 77' lang='lat' dir='ltr'><strong>habeo</strong></span> <span class='ocrx_word' id='word_1_273' title='bbox 470 3317 630 3384; x_wconf 87' lang='lat' dir='ltr'><strong>dimittere</strong></span> <span class='ocrx_word' id='word_1_274' title='bbox 661 3318 874 3384; x_wconf 75' lang='lat' dir='ltr'><strong>substantiam</strong></span> <span class='ocrx_word' id='word_1_275' title='bbox 904 3341 1006 3384; x_wconf 81' lang='lat' dir='ltr'><strong>mecm</strong></span> <span class='ocrx_word' id='word_1_276' title='bbox 1037 3317 1099 3382; x_wconf 91' lang='lat' dir='ltr'><strong>nisi</strong></span> <span class='ocrx_word' id='word_1_277' title='bbox 1130 3317 1198 3382; x_wconf 84' lang='lat' dir='ltr'><strong>filio</strong></span> <span class='ocrx_word' id='word_1_278' title='bbox 1220 3337 1307 3395; x_wconf 88' lang='lat' dir='ltr'><strong>meo,</strong></span> <span class='ocrx_word' id='word_1_279' title='bbox 1338 3315 1408 3382; x_wconf 83' lang='lat' dir='ltr'><strong>viro</strong></span> 
     </span>
     <span class='ocr_line' id='line_1_30' title="bbox 257 3419 1408 3508; baseline -0.001 -24"><span class='ocrx_word' id='word_1_280' title='bbox 257 3425 377 3500; x_wconf 79' lang='lat' dir='ltr'><strong>sancto,</strong></span> <span class='ocrx_word' id='word_1_281' title='bbox 400 3423 455 3506; x_wconf 91' lang='lat' dir='ltr'><strong>qui</strong></span> <span class='ocrx_word' id='word_1_282' title='bbox 477 3423 608 3506; x_wconf 87' lang='lat' dir='ltr'><strong>reliquit</strong></span> <span class='ocrx_word' id='word_1_283' title='bbox 630 3421 781 3488; x_wconf 81' lang='lat' dir='ltr'><strong>saeoulum</strong></span> <span class='ocrx_word' id='word_1_284' title='bbox 802 3427 835 3488; x_wconf 91' lang='lat' dir='ltr'><strong>et</strong></span> <span class='ocrx_word' id='word_1_285' title='bbox 857 3423 937 3488; x_wconf 77' lang='lat' dir='ltr'><strong>abiit</strong></span> <span class='ocrx_word' id='word_1_286' title='bbox 959 3427 1034 3508; x_wconf 90' lang='lat' dir='ltr'><strong>post</strong></span> <span class='ocrx_word' id='word_1_287' title='bbox 1047 3422 1176 3489; x_wconf 78' lang='lat' dir='ltr'><strong>Deum?</strong></span> <span class='ocrx_word' id='word_1_288' title='bbox 1197 3420 1264 3505; x_wconf 88' lang='lat' dir='ltr'><strong>Ipsi</strong></span> <span class='ocrx_word' id='word_1_289' title='bbox 1279 3419 1408 3485; x_wconf 89' lang='lat' dir='ltr'><strong>dimitto</strong></span> 
     </span>
     <span class='ocr_line' id='line_1_31' title="bbox 218 3523 1407 3612; baseline -0.003 -20"><span class='ocrx_word' id='word_1_290' title='bbox 218 3553 243 3604; x_wconf 73' lang='lat' dir='ltr'><strong>co</strong></span> <span class='ocrx_word' id='word_1_291' title='bbox 257 3526 364 3591; x_wconf 87' lang='lat' dir='ltr'><strong>omnia</strong></span> <span class='ocrx_word' id='word_1_292' title='bbox 398 3527 482 3592; x_wconf 81' lang='lat' dir='ltr'><strong>bons</strong></span> <span class='ocrx_word' id='word_1_293' title='bbox 519 3550 604 3607; x_wconf 82' lang='lat' dir='ltr'><strong>mee,</strong></span> <span class='ocrx_word' id='word_1_294' title='bbox 645 3528 738 3594; x_wconf 91' lang='lat' dir='ltr'><strong>mode</strong></span> <span class='ocrx_word' id='word_1_295' title='bbox 774 3531 880 3593; x_wconf 85' lang='lat' dir='ltr'><strong>sutem</strong></span> <span class='ocrx_word' id='word_1_296' title='bbox 916 3528 972 3612; x_wconf 89' lang='lat' dir='ltr'><strong>qui</strong></span> <span class='ocrx_word' id='word_1_297' title='bbox 1010 3527 1103 3592; x_wconf 91' lang='lat' dir='ltr'><strong>timet</strong></span> <span class='ocrx_word' id='word_1_298' title='bbox 1136 3524 1238 3591; x_wconf 88' lang='lat' dir='ltr'><strong>Deum</strong></span> <span class='ocrx_word' id='word_1_299' title='bbox 1272 3527 1305 3589; x_wconf 88' lang='lat' dir='ltr'><strong>et</strong></span> <span class='ocrx_word' id='word_1_300' title='bbox 1336 3523 1407 3602; x_wconf 80' lang='lat' dir='ltr'><strong>scit,</strong></span> 
     </span>
     <span class='ocr_line' id='line_1_32' title="bbox 259 3628 1407 3716; baseline -0.002 -22"><span class='ocrx_word' id='word_1_301' title='bbox 259 3630 312 3695; x_wconf 93' lang='lat' dir='ltr'><strong>ubi</strong></span> <span class='ocrx_word' id='word_1_302' title='bbox 335 3635 402 3710; x_wconf 82' lang='lat' dir='ltr'><strong>est,</strong></span> <span class='ocrx_word' id='word_1_303' title='bbox 434 3631 535 3711; x_wconf 82' lang='lat' dir='ltr'><strong>dicet,</strong></span> <span class='ocrx_word' id='word_1_304' title='bbox 563 3637 600 3698; x_wconf 91' lang='lat' dir='ltr'><strong>ut</strong></span> <span class='ocrx_word' id='word_1_305' title='bbox 629 3633 760 3698; x_wconf 81' lang='lat' dir='ltr'><strong>veniens</strong></span> <span class='ocrx_word' id='word_1_306' title='bbox 784 3631 941 3698; x_wconf 79' lang='lat' dir='ltr'><strong>distrahet</strong></span> <span class='ocrx_word' id='word_1_307' title='bbox 971 3636 1002 3696; x_wconf 90' lang='lat' dir='ltr'><strong>et</strong></span> <span class='ocrx_word' id='word_1_308' title='bbox 1024 3634 1134 3716; x_wconf 79' lang='lat' dir='ltr'><strong>eroget</strong></span> <span class='ocrx_word' id='word_1_309' title='bbox 1156 3651 1192 3694; x_wconf 81' lang='lat' dir='ltr'><strong>ea</strong></span> <span class='ocrx_word' id='word_1_310' title='bbox 1214 3628 1407 3714; x_wconf 79' lang='lat' dir='ltr'><strong>pauperibus</strong></span> 
     </span>
     <span class='ocr_line' id='line_1_33' title="bbox 258 3734 1408 3822; baseline -0.003 -22"><span class='ocrx_word' id='word_1_311' title='bbox 258 3758 317 3821; x_wconf 90' lang='lat' dir='ltr'><strong>pro</strong></span> <span class='ocrx_word' id='word_1_312' title='bbox 339 3737 446 3801; x_wconf 83' lang='lat' dir='ltr'><strong>enimn</strong></span> <span class='ocrx_word' id='word_1_313' title='bbox 468 3741 591 3803; x_wconf 83' lang='lat' dir='ltr'><strong>meast</strong></span> <span class='ocrx_word' id='word_1_314' title='bbox 614 3742 688 3803; x_wconf 86' lang='lat' dir='ltr'><strong>sue!</strong></span> <span class='ocrx_word' id='word_1_315' title='bbox 719 3737 761 3803; x_wconf 80' lang='lat' dir='ltr'><strong>Et</strong></span> <span class='ocrx_word' id='word_1_316' title='bbox 791 3741 1000 3822; x_wconf 84' lang='lat' dir='ltr'><strong>perrexerunt</strong></span> <span class='ocrx_word' id='word_1_317' title='bbox 1029 3735 1123 3800; x_wconf 84' lang='lat' dir='ltr'><strong>multi</strong></span> <span class='ocrx_word' id='word_1_318' title='bbox 1156 3734 1352 3819; x_wconf 88' lang='lat' dir='ltr'><strong>requirentes</strong></span> <span class='ocrx_word' id='word_1_319' title='bbox 1373 3736 1408 3797; x_wconf 88' lang='lat' dir='ltr'><strong>te</strong></span> 
     </span>
     <span class='ocr_line' id='line_1_34' title="bbox 259 3839 1408 3928; baseline -0.003 -23"><span class='ocrx_word' id='word_1_320' title='bbox 259 3845 291 3906; x_wconf 91' lang='lat' dir='ltr'><strong>et</strong></span> <span class='ocrx_word' id='word_1_321' title='bbox 312 3841 443 3906; x_wconf 90' lang='lat' dir='ltr'><strong>minime</strong></span> <span class='ocrx_word' id='word_1_322' title='bbox 465 3843 673 3923; x_wconf 81' lang='lat' dir='ltr'><strong>invenerunt,</strong></span> <span class='ocrx_word' id='word_1_323' title='bbox 696 3865 755 3928; x_wconf 80' lang='lat' dir='ltr'><strong>ego</strong></span> <span class='ocrx_word' id='word_1_324' title='bbox 778 3846 907 3922; x_wconf 80' lang='lat' dir='ltr'><strong>autem,</strong></span> <span class='ocrx_word' id='word_1_325' title='bbox 930 3843 1062 3908; x_wconf 89' lang='lat' dir='ltr'><strong>veniens</strong></span> <span class='ocrx_word' id='word_1_326' title='bbox 1084 3863 1123 3906; x_wconf 85' lang='lat' dir='ltr'><strong>ex</strong></span> <span class='ocrx_word' id='word_1_327' title='bbox 1137 3839 1300 3906; x_wconf 75' lang='lat' dir='ltr'><strong>occasione</strong></span> <span class='ocrx_word' id='word_1_328' title='bbox 1311 3859 1408 3923; x_wconf 88' lang='lat' dir='ltr'><strong>prop·</strong></span> 
     </span>
     <span class='ocr_line' id='line_1_35' title="bbox 259 3944 1408 4034; baseline -0.002 -24"><span class='ocrx_word' id='word_1_329' title='bbox 259 3950 308 4010; x_wconf 86' lang='lat' dir='ltr'><strong>ter</strong></span> <span class='ocrx_word' id='word_1_330' title='bbox 330 3947 484 4030; x_wconf 78' lang='lat' dir='ltr'><strong>quoddam</strong></span> <span class='ocrx_word' id='word_1_331' title='bbox 509 3970 587 4032; x_wconf 89' lang='lat' dir='ltr'><strong>opus</strong></span> <span class='ocrx_word' id='word_1_332' title='bbox 610 3947 672 4027; x_wconf 87' lang='lat' dir='ltr'><strong>hic,</strong></span> <span class='ocrx_word' id='word_1_333' title='bbox 695 3947 872 4034; x_wconf 80' lang='lat' dir='ltr'><strong>cognorite</strong></span> <span class='ocrx_word' id='word_1_334' title='bbox 888 3969 963 4028; x_wconf 87' lang='lat' dir='ltr'><strong>esse,</strong></span> <span class='ocrx_word' id='word_1_335' title='bbox 988 3947 1071 4012; x_wconf 89' lang='lat' dir='ltr'><strong>unde</strong></span> <span class='ocrx_word' id='word_1_336' title='bbox 1093 3968 1157 4011; x_wconf 86' lang='lat' dir='ltr'><strong>non</strong></span> <span class='ocrx_word' id='word_1_337' title='bbox 1178 3944 1276 4010; x_wconf 80' lang='lat' dir='ltr'><strong>facins</strong></span> <span class='ocrx_word' id='word_1_338' title='bbox 1292 3964 1408 4025; x_wconf 81' lang='lat' dir='ltr'><strong>mores,</strong></span> 
     </span>
     <span class='ocr_line' id='line_1_36' title="bbox 220 4048 1410 4134; baseline -0.005 -16"><span class='ocrx_word' id='word_1_339' title='bbox 220 4079 246 4118; x_wconf 83' lang='lat' dir='ltr'><strong>es</strong></span> <span class='ocrx_word' id='word_1_340' title='bbox 259 4051 312 4116; x_wconf 85' lang='lat' dir='ltr'><strong>sed</strong></span> <span class='ocrx_word' id='word_1_341' title='bbox 334 4051 406 4115; x_wconf 80' lang='lat' dir='ltr'><strong>veni</strong></span> <span class='ocrx_word' id='word_1_342' title='bbox 436 4055 469 4116; x_wconf 89' lang='lat' dir='ltr'><strong>et</strong></span> <span class='ocrx_word' id='word_1_343' title='bbox 501 4053 600 4117; x_wconf 84' lang='lat' dir='ltr'><strong>vende</strong></span> <span class='ocrx_word' id='word_1_344' title='bbox 621 4053 729 4118; x_wconf 84' lang='lat' dir='ltr'><strong>omnis</strong></span> <span class='ocrx_word' id='word_1_345' title='bbox 760 4057 793 4118; x_wconf 88' lang='lat' dir='ltr'><strong>et</strong></span> <span class='ocrx_word' id='word_1_346' title='bbox 814 4053 865 4118; x_wconf 80' lang='lat' dir='ltr'><strong>fue</strong></span> <span class='ocrx_word' id='word_1_347' title='bbox 886 4052 1057 4118; x_wconf 88' lang='lat' dir='ltr'><strong>secundum</strong></span> <span class='ocrx_word' id='word_1_348' title='bbox 1080 4050 1281 4116; x_wconf 83' lang='lat' dir='ltr'><strong>voluntatem</strong></span> <span class='ocrx_word' id='word_1_349' title='bbox 1306 4048 1410 4134; x_wconf 84' lang='lat' dir='ltr'><strong>putris</strong></span> 
     </span>
     <span class='ocr_line' id='line_1_37' title="bbox 259 4152 1410 4243; baseline -0.001 -24"><span class='ocrx_word' id='word_1_350' title='bbox 259 4155 316 4219; x_wconf 89' lang='lat' dir='ltr'><strong>tui.</strong></span> <span class='ocrx_word' id='word_1_351' title='bbox 362 4154 568 4243; x_wconf 86' lang='lat' dir='ltr'><strong>Respondens</strong></span> <span class='ocrx_word' id='word_1_352' title='bbox 589 4156 690 4222; x_wconf 79' lang='lat' dir='ltr'><strong>frater</strong></span> <span class='ocrx_word' id='word_1_353' title='bbox 711 4157 767 4223; x_wconf 89' lang='lat' dir='ltr'><strong>ille</strong></span> <span class='ocrx_word' id='word_1_354' title='bbox 790 4157 889 4222; x_wconf 87' lang='lat' dir='ltr'><strong>dixit:</strong></span> <span class='ocrx_word' id='word_1_355' title='bbox 921 4179 986 4222; x_wconf 90' lang='lat' dir='ltr'><strong>non</strong></span> <span class='ocrx_word' id='word_1_356' title='bbox 1017 4177 1142 4221; x_wconf 87' lang='lat' dir='ltr'><strong>necesse</strong></span> <span class='ocrx_word' id='word_1_357' title='bbox 1167 4152 1269 4220; x_wconf 71' lang='lat' dir='ltr'><strong>habeo</strong></span> <span class='ocrx_word' id='word_1_358' title='bbox 1292 4153 1410 4218; x_wconf 77' lang='lat' dir='ltr'><strong>reuerti</strong></span> 
     </span>
     <span class='ocr_line' id='line_1_38' title="bbox 260 4256 1410 4343; baseline 0 -20"><span class='ocrx_word' id='word_1_359' title='bbox 260 4260 298 4324; x_wconf 83' lang='lat' dir='ltr'><strong>ed</strong></span> <span class='ocrx_word' id='word_1_360' title='bbox 322 4261 471 4326; x_wconf 87' lang='lat' dir='ltr'><strong>seculum.</strong></span> <span class='ocrx_word' id='word_1_361' title='bbox 516 4261 608 4326; x_wconf 89' lang='lat' dir='ltr'><strong>Dixit</strong></span> <span class='ocrx_word' id='word_1_362' title='bbox 629 4262 658 4326; x_wconf 90' lang='lat' dir='ltr'><strong>ei</strong></span> <span class='ocrx_word' id='word_1_363' title='bbox 680 4262 843 4327; x_wconf 78' lang='lat' dir='ltr'><strong>diabolus:</strong></span> <span class='ocrx_word' id='word_1_364' title='bbox 877 4260 904 4326; x_wconf 86' lang='lat' dir='ltr'><strong>si</strong></span> <span class='ocrx_word' id='word_1_365' title='bbox 935 4283 996 4326; x_wconf 87' lang='lat' dir='ltr'><strong>non</strong></span> <span class='ocrx_word' id='word_1_366' title='bbox 1032 4259 1156 4326; x_wconf 84' lang='lat' dir='ltr'><strong>veneris</strong></span> <span class='ocrx_word' id='word_1_367' title='bbox 1184 4262 1216 4324; x_wconf 92' lang='lat' dir='ltr'><strong>et</strong></span> <span class='ocrx_word' id='word_1_368' title='bbox 1239 4256 1410 4343; x_wconf 86' lang='lat' dir='ltr'><strong>deperierit</strong></span> 
     </span>
     <span class='ocr_line' id='line_1_39' title="bbox 260 4363 1406 4452; baseline 0.002 -25"><span class='ocrx_word' id='word_1_369' title='bbox 260 4363 440 4431; x_wconf 72' lang='lat' dir='ltr'><strong>substantie</strong></span> <span class='ocrx_word' id='word_1_370' title='bbox 462 4366 536 4447; x_wconf 78' lang='lat' dir='ltr'>illa,</span> <span class='ocrx_word' id='word_1_371' title='bbox 565 4367 598 4431; x_wconf 91' lang='lat' dir='ltr'><strong>in</strong></span> <span class='ocrx_word' id='word_1_372' title='bbox 622 4371 792 4452; x_wconf 89' lang='lat' dir='ltr'><strong>conspectu</strong></span> <span class='ocrx_word' id='word_1_373' title='bbox 813 4365 873 4431; x_wconf 86' lang='lat' dir='ltr'><strong>Dei</strong></span> <span class='ocrx_word' id='word_1_374' title='bbox 903 4369 939 4431; x_wconf 88' lang='lat' dir='ltr'><strong>tu</strong></span> <span class='ocrx_word' id='word_1_375' title='bbox 969 4365 1081 4431; x_wconf 87' lang='lat' dir='ltr'><strong>exinde</strong></span> <span class='ocrx_word' id='word_1_376' title='bbox 1101 4364 1212 4429; x_wconf 88' lang='lat' dir='ltr'><strong>reddes</strong></span> <span class='ocrx_word' id='word_1_377' title='bbox 1240 4363 1406 4429; x_wconf 79' lang='lat' dir='ltr'><strong>rationem</strong></span> 
     </span>
    </p>
   </div>
   <div class='ocr_carea' id='block_1_3' title="bbox 0 0 1595 4962">
    <p class='ocr_par' dir='ltr' id='par_1_3' title="bbox 0 0 1595 4962">
     <span class='ocr_line' id='line_1_40' title="bbox 0 0 1595 4962; baseline 0 0"><span class='ocrx_word' id='word_1_378' title='bbox 0 0 1595 4962; x_wconf 95' lang='lat' dir='ltr'><strong> </strong></span> 
     </span>
    </p>
   </div>
  </div>
 </body>
</html>
