3146 4962
689 407 751 470 243

149 577 320 643 terminare
342 578 464 646 volunt.
510 577 559 642 Tu
580 583 686 644 autem
709 599 831 660 semper
852 599 917 641 non
940 580 1047 645 credas
1070 585 1133 646 tura
1155 579 1292 665 propria
1426 603 1431 616 ·

150 681 290 748 scientiae
312 704 369 748 nec
392 682 528 747 confidas
551 682 679 766 proprio
699 682 807 746 'sensui
829 703 886 746 nec
909 703 1031 766 semper
1046 684 1203 748 voluntati
1218 707 1292 770 pro-

151 786 227 870 priae
249 788 445 871 acquiescas,
476 785 531 849 sed
551 785 659 850 omnia
681 807 750 851 cum
774 784 906 850 consilio
929 790 961 849 et
981 786 1237 870 prudentioribus
1260 793 1292 854 et

151 893 396 976 sapientioribus
428 895 460 956 ct
489 892 724 957 discretioribus
754 879 850 956 facias
879 896 911 955 et
939 913 1046 957 eorum
1079 893 1207 958 monitis
1238 915 1290 958 ac-

3 1011 4 1018 *
123 995 303 1080 aquiescaa,
327 1019 367 1060 ne
389 1019 407 1061 a
429 997 480 1062 via
501 998 602 1082 possis
622 998 767 1063 veritatis
782 997 939 1063 ullatenus
955 999 1087 1065 deviare.
1134 999 1193 1064 Est
1207 999 1291 1063 enim

151 1101 303 1186 scriptum
327 1100 466 1184 Sapient.
491 1099 651 1165 XXXII0:
687 1102 754 1166 sine
782 1101 914 1166 consilio
937 1102 1018 1167 nihil
1040 1101 1137 1168 facias
1167 1108 1294 1188 etpost

150 1205 270 1270 factum
292 1226 356 1269 non
379 1205 556 1289 poenitebit.
602 1205 692 1284 Quia,
716 1211 753 1270 ut
774 1204 889 1270 dicitur
908 1205 1054 1274 Proverb.
1071 1205 1180 1285 XIII⁰,
1203 1212 1290 1273 astu-

151 1313 204 1374 tus
225 1311 331 1374 omnia
361 1311 429 1394 agit
458 1332 530 1374 eum
560 1310 699 1375 consilio.
753 1309 813 1385 Qui
840 1315 947 1374 autem
969 1313 1077 1378 omnia
1099 1317 1201 1398 agunt
1222 1333 1293 1378 cum

152 1415 294 1494 consilio,
318 1419 474 1500 reguntur
496 1437 515 1478 a
534 1414 699 1498 sapientia.
745 1414 813 1479 Ista
834 1415 917 1480 enim
941 1421 990 1480 est
1011 1418 1188 1484 differentia
1209 1418 1294 1483 inber

112 1545 139 1582 ιο
152 1520 326 1602 sapientem
348 1521 562 1585 consiliarium
584 1525 616 1585 et
639 1521 772 1598 fatuum,
795 1523 871 1604 quia
892 1520 998 1586 fatuus
1014 1522 1142 1586 nonnisi
1165 1523 1293 1607 respicit

151 1624 344 1708 principium
366 1623 462 1704 lacti,
496 1625 621 1709 sapiens
652 1629 758 1689 autem
788 1625 917 1709 respicit
947 1626 1041 1690 finem
1073 1631 1105 1690 et
1127 1648 1197 1711 quae
1218 1632 1293 1692 sunt

152 1730 191 1794 ad
213 1731 318 1794 finem
364 1729 496 1816 Legitur
526 1731 564 1795 de
585 1731 720 1812 quodam
750 1729 954 1814 philosopho,
986 1730 1068 1813 quod
1096 1729 1131 1794 in
1161 1730 1230 1795 foro
1259 1715 1320 1795 in'

152 1835 220 1900 loco
243 1835 445 1900 eminentiori
473 1834 611 1898 residens
634 1833 732 1911 dixit,
763 1855 795 1898 se
824 1833 903 1898 velle
933 1833 1065 1898 vendere
1094 1834 1291 1917 sapientiam,

152 1941 277 2003 etcum
299 1937 399 2022 aliqui
429 1938 469 2002 ab
492 1942 706 2016 coemerent,
740 1937 867 2021 scripsit
898 1937 931 2000 in
964 1938 1073 2002 cedula
1102 1938 1225 2004 dicens:
1258 1940 1291 2004 in

114 2067 139 2104 rs
152 2043 309 2120 omnibns,
333 2065 402 2127 quse
424 2047 551 2108 acturus
570 2065 612 2121 es,
635 2063 757 2126 semper
780 2042 894 2127 cogita,
919 2041 994 2124 quid
1016 2042 1077 2107 tibi
1099 2043 1171 2108 inde
1193 2045 1294 2128 possit

154 2148 297 2212 accidere.
344 2146 432 2222 Quod
454 2169 526 2211 cum
549 2146 643 2211 multi
666 2145 843 2210 deriderent
865 2153 897 2209 et
920 2145 1058 2212 cedulam
1081 2148 1199 2212 vellent
1218 2170 1292 2233 pro-

149 2251 262 2334 jicere,
294 2252 354 2316 ait:
385 2256 510 2336 portate
532 2273 638 2316 secure
660 2251 699 2314 ad
730 2251 890 2314 dominum
918 2255 1078 2330 restrum,
1110 2253 1184 2336 quia
1213 2255 1293 2320 bene

152 2357 235 2422 valet
257 2357 403 2442 pretium.
450 2356 540 2433 Quod
565 2377 636 2421 cum
658 2356 803 2440 princeps
825 2355 1011 2439 accepisset,
1041 2356 1159 2421 litteris
1190 2359 1292 2422 aureis

152 2462 186 2526 in
209 2463 290 2527 ostio
322 2463 371 2526 sui
401 2461 513 2546 palatii
542 2460 637 2525 scribi
669 2459 753 2526 fecit.
798 2460 876 2525 Post
903 2458 1039 2524 multum
1072 2482 1145 2525 vero
1167 2465 1292 2546 tempus

114 2589 139 2626 ru
153 2567 281 2651 quidam
305 2567 371 2651 ejus
394 2565 516 2631 inimici
537 2586 608 2629 eum
630 2564 777 2629 barbaric
799 2587 854 2629 suo
878 2565 1122 2645 ordinaverunt,
1146 2570 1181 2631 ut
1203 2568 1291 2652 prin·

152 2671 252 2756 cipem
272 2673 442 2757 jugularet.
487 2669 642 2745 Quicum
664 2691 720 2754 per
742 2671 858 2734 ostium
882 2671 1018 2735 intraret
1046 2675 1077 2736 et
1106 2672 1291 2756 scripturam

151 2776 241 2842 illam
263 2778 391 2860 legeret,
414 2798 450 2842 eo
474 2775 557 2858 quod
579 2775 683 2860 legere
698 2775 827 2853 sciebat,
851 2776 947 2860 coepit
961 2779 1095 2840 tremere
1116 2781 1148 2839 et
1163 2777 1290 2861 pellere.

151 2879 220 2956 Quo
243 2882 310 2945 viso
332 2881 477 2966 princeps
500 2901 573 2945 eum
593 2879 663 2965 capi
686 2879 762 2945 lecit
791 2883 823 2944 et
845 2881 939 2945 minis
969 2884 1002 2944 et
1023 2882 1189 2946 tormentis
1210 2882 1292 2947 veri·

152 2989 251 3050 tatem
273 2990 462 3069 extorquens
486 2985 547 3049 sibi
569 2985 719 3068 pepercit,
742 2986 794 3049 sed
818 2990 938 3050 actores
960 2986 1111 3051 scelerum
1122 2985 1291 3052 interfecit.

112 3112 138 3151 sa
153 3091 214 3156 Per
235 3090 318 3175 quod
340 3095 444 3174 patet,
476 3089 559 3174 quod
582 3090 626 3154 sit
649 3090 728 3154 utile
750 3090 845 3154 finem
867 3112 1006 3175 pensare
1052 3090 1143 3156 Unde
1164 3091 1292 3175 quidam
1314 3090 1323 3100 “

152 3194 375 3280 philosophus:
400 3195 552 3280 quidquid
574 3215 650 3279 agas
672 3195 843 3279 prudenter
865 3215 940 3281 agas
962 3200 994 3261 et
1017 3197 1134 3280 respice
1156 3196 1260 3260 finem.

184 3367 242 3434 De
263 3371 536 3449 rinocerone‚
560 3369 629 3453 qui
661 3369 936 3453 despiciebat
959 3391 1088 3434 senem
1114 3370 1185 3434 dial.
1210 3374 1261 3432 94.

238 3507 426 3588 Rinoccron,
449 3512 485 3572 ut
507 3507 541 3571 in
564 3508 696 3572 Britone
717 3507 864 3586 habetur,
887 3508 987 3573 latine
1009 3508 1235 3591 interpretatur
1258 3507 1291 3570 in

154 3635 230 3679 nare
252 3633 358 3677 cornu.
416 3610 519 3678 Idem:
551 3617 583 3677 et
618 3613 775 3678 rinoceros
806 3613 908 3677 idest
934 3612 1111 3691 unicornis,
1144 3633 1180 3676 eo
1209 3611 1292 3695 quod

112 3742 139 3779 au
153 3741 251 3782 unum
275 3739 372 3783 cornu
400 3719 435 3781 in
456 3717 559 3782 media
588 3717 694 3783 fronte
720 3717 834 3783 habeat
858 3719 971 3802 pedum
994 3723 1129 3802 quatuor
1150 3718 1197 3782 ita
1219 3738 1291 3783 aeu-

152 3828 222 3889 tum
244 3827 277 3888 et
292 3823 440 3901 validum,
465 3823 547 3905 quod
563 3827 607 3902 ut,
632 3823 783 3907 quidquid
801 3823 981 3907 impetierit,
1005 3826 1061 3887 aut
1084 3823 1216 3888 ventilet
1237 3828 1293 3887 aut

152 3929 301 4013 perforet.
346 3925 430 3992 Nam
453 3931 485 3990 et
507 3947 576 3991 cum
600 3927 775 4010 elephantis
798 3931 954 4014 certamen
969 3927 1066 3992 habet
1088 3931 1121 3991 et
1135 3927 1169 3991 in
1183 3931 1293 3991 vestm

151 4033 331 4098 vulneratos
344 4031 534 4116 ¹prosternit
575 4032 686 4096 Tantae
707 4037 813 4097 autem
835 4030 1034 4096 fortitudinis
1056 4036 1119 4110 cst,
1143 4036 1179 4095 ut
1205 4031 1294 4096 nulla

152 4139 334 4204 venantium
363 4136 481 4202 virtute
503 4136 654 4221 capiatur.
699 4135 758 4202 Sed
781 4137 863 4202 sicut
885 4141 1046 4215 asserunt,
1079 4139 1133 4222 qui
1165 4141 1293 4202 naturas

114 4261 140 4302 ss
154 4243 338 4308 animalium
361 4243 569 4327 scripserunt,
593 4242 684 4326 virgo
707 4242 812 4326 puella
833 4242 1039 4326 proponitur,
1064 4264 1132 4325 quae
1154 4242 1293 4334 uenienti

151 4348 254 4412 sinum
286 4349 404 4431 aperit,
426 4349 467 4412 in
498 4368 559 4429 quo
589 4345 644 4409 ille
672 4346 757 4410 omni
784 4345 910 4410 feritate
941 4344 1083 4430 deposita
1113 4350 1208 4428 eaput
1239 4345 1291 4410 de-

151 4454 242 4538 ponit
273 4453 379 4535 sicque
406 4455 570 4535 soporatus
603 4450 688 4514 velut
718 4450 848 4516 inermis
878 4450 1018 4536 eapitur,
1048 4455 1085 4515 ut
1115 4451 1193 4516 dicit
1215 4449 1291 4516 Isid.

1016 4557 1084 4621 16*
