3082 4938
807 279 871 341 218

262 451 391 518 illorum
412 453 498 538 leges
522 455 617 536 atque
639 452 882 518 constitutiones
906 454 1034 534 oportet
1055 451 1101 516 sic
1122 473 1190 516 ease
1212 456 1422 536 temperatas,

265 563 301 622 ut
323 563 495 643 appareat,
530 556 611 620 nihil
646 579 699 620 eos
729 557 815 622 aliud
838 561 996 642 spectasse
1019 579 1112 640 quam
1136 557 1246 642 populi
1269 559 1422 634 salutem,

265 669 301 728 11
322 665 447 728 nullum
471 665 503 727 in
528 663 573 727 eis
596 659 850 746 deprehendatur
873 663 1020 727 malevoli
1043 662 1143 726 animi
1166 663 1352 748 vestigium,
1385 663 1423 726 id

264 769 346 853 quod
370 769 516 853 tyrannis
539 769 701 852 proprium
724 773 790 845 est,
826 767 881 850 qui
910 767 1058 832 ferociter
1081 771 1113 832 et
1135 768 1302 852 imperiose
1323 789 1422 832 man·

264 874 360 950 dant,
395 895 452 938 nee
474 878 579 938 tamen
605 873 704 936 ullam
726 871 940 956 probabilem,
976 893 1099 956 aequam
1121 875 1177 936 aut
1200 872 1317 936 rationi
1339 894 1420 937 0111-

264 981 446 1042 sentaneam
468 999 593 1042 reusam
616 977 773 1041 adierunt
806 977 952 1043 Habendi
976 981 1052 1041 sunt
1072 977 1173 1062 igitur
1190 981 1223 1042 et
1237 977 1445 1043 aestimandi¹

264 1083 429 1166 pontifices
459 1087 609 1164 tanquam
641 1082 784 1146 seditiosi
814 1083 896 1146 cives
928 1081 1014 1146 orbis
1037 1081 1231 1158 Christiani,
1265 1083 1420 1165 quoniam

264 1187 339 1264 illa,
375 1209 444 1270 quae
467 1209 552 1251 nune
574 1209 593 1250 a
615 1186 738 1250 saeculis
760 1187 883 1270 aliquot
905 1185 1070 1264 fecerunt,
1105 1185 1231 1252 decreta
1253 1189 1422 1273 pertinent

264 1291 394 1356 omnino
416 1291 455 1355 ad
478 1289 618 1375 ipsorum
641 1292 781 1375 privates
804 1291 1054 1370 commoditates,
1078 1295 1111 1354 et
1126 1291 1257 1376 reliquis
1270 1293 1421 1357 omnibus

264 1396 428 1459 ordinibus
452 1397 546 1480 plane
569 1401 644 1460 sunt
666 1397 903 1474 intolerabilia,
939 1402 976 1460 ut
1005 1399 1132 1462 constat
1161 1419 1226 1460 non
1256 1419 1294 1462 ex
1324 1396 1421 1464 libris

264 1503 400 1578 tantum,
425 1501 478 1565 sed
501 1523 539 1564 ex
561 1502 755 1584 quotidianis
779 1504 918 1585 ipsorum
942 1503 1130 1580 actionibus,
1154 1524 1224 1586 quae
1246 1485 1421 1566 11101011-

265 1606 342 1669 nino
363 1611 449 1684 sunt,
472 1612 509 1670 ut
531 1608 696 1692 negotium
718 1607 811 1672 hodie
833 1607 992 1672 facessant
1014 1607 1124 1672 multis
1140 1613 1172 1672 et
1190 1608 1420 1692 praestantibus

267 1709 352 1773 viris.
397 1709 482 1776 Nam
514 1713 713 1795 inaequalitas
748 1713 804 1777 illa
836 1733 955 1798 magna
987 1735 1050 1776 non
1081 1717 1188 1798 potest
1220 1734 1285 1778 non
1308 1735 1422 1797 parere

270 1815 449 1878 animorum
472 1817 704 1882 alienationem.

355 1921 415 1984 Sed
439 1943 527 1999 ecce,
551 1923 677 2006 quando
701 1923 905 2007 pontificatus
927 1919 1081 1988 honorem
1103 1923 1302 2006 suscipiunt,
1331 1923 1421 2006 jure-

262 2023 400 2106 jurando
422 2027 623 2100 confirmant,
646 2051 714 2092 sese
736 2029 974 2108 observaturos,
998 2051 1068 2112 quae
1092 2050 1149 2113 pro
1172 2029 1330 2114 dignitate
1353 2029 1421 2094 110-

265 2152 367 2194 manae
389 2131 471 2196 sedis
494 2135 668 2198 constituta
697 2137 773 2198 sunt
802 2157 821 2198 a
842 2134 1032 2218 majoribus,
1067 2135 1126 2198 hoc
1148 2138 1212 2198 est:
1237 2133 1422 2198 inconsulto

265 2236 315 2300 vel
338 2259 403 2301 non
426 2239 618 2303 assentiente
640 2239 849 2304 cardinalium
871 2245 994 2316 senatu,
1019 2238 1102 2304 nihil
1125 2242 1312 2303 mutaturos.
1349 2237 1423 2304 Hoc

262 2342 501 2426 jusjurandum,
531 2345 558 2407 si
577 2345 644 2428 jam
667 2344 741 2409 inde
763 2367 782 2408 a
804 2345 979 2429 primordio
1003 2343 1156 2409 itomanae
1177 2343 1314 2408 ecelesiae
1337 2364 1424 2408 sem·

170 2507 175 2520 ,
265 2469 321 2532 per
345 2453 409 2512 extr
427 2451 462 2528 11,
482 2449 549 2531 jam
572 2455 656 2513 certe
675 2469 793 2526 omnes,
817 2448 871 2532 qui
890 2448 1021 2513 fuerunt
1036 2471 1055 2513 a
1070 2447 1159 2513 mille
1173 2447 1422 2532 quadringentis

834 2570 851 2610 ss

265 2657 383 2741 trhtzig
411 2657 580 2743 gehieten,
614 2659 679 2722 und
709 2658 788 2723 doch
816 2659 909 2724 heina
940 2657 1078 2723 redliche
1112 2657 1228 2722 ursach
1255 2658 1423 2742 anzeigen.

266 2761 409 2828 Darumb
432 2767 502 2828 mlta
525 2785 597 2827 man
623 2763 702 2828 auch
727 2763 777 2827 die
800 2762 918 2840 thst,
948 2763 995 2827 als
1017 2757 1197 2828 auffrhdrcr
1219 2762 1283 2826 und
1306 2762 1424 2828 schffl-

264 2868 347 2932 liche
370 2868 472 2952 glider
495 2868 548 2932 des
564 2867 777 2933 Christlichen
796 2868 946 2944 bezirchs,
969 2866 1079 2932 hulten
1098 2867 1162 2931 und
1177 2866 1302 2943 aehten,
1326 2868 1422 2932 dweil

265 2975 327 3039 alle
350 2975 395 3038 irc
417 2975 622 3059 ordnungen,
655 2975 705 3039 die
728 2974 774 3039 sic
797 2996 864 3038 nnn
887 2975 1006 3039 seither
1028 2974 1143 3040 etliche
1166 2974 1307 3038 hundert
1325 2973 1420 3056 jaren

265 3080 429 3166 gemacht,
453 3080 521 3156 iren
545 3080 638 3144 stand
660 3079 725 3144 und
747 3101 851 3144 wesen
875 3080 1069 3158 betreffend,
1103 3084 1141 3145 nh
1158 3079 1258 3144 ihrem
1284 3079 1425 3144 vortheil

265 3186 379 3264 allein,
412 3187 476 3250 und
501 3187 592 3249 suast
614 3185 698 3250 allen
722 3185 860 3250 anderen
884 3185 1039 3264 stenden,
1073 3207 1144 3250 num
1167 3189 1297 3270 grosten
1322 3185 1424 3250 nach·

266 3290 344 3354 theil
367 3291 432 3354 und
454 3289 665 3355 beschwernis
687 3289 836 3374 gemacht
859 3289 941 3367 sind,
965 3289 1029 3353 und
1054 3290 1171 3375 trhtzig
1187 3289 1423 3374 auffgerichtet,

266 3419 306 3460 on
331 3395 393 3461 alle
416 3396 594 3481 hilligheit,
619 3396 692 3460 Wie
715 3397 801 3460 daun
823 3396 927 3460 solchs
950 3395 1047 3474 alles,
1081 3396 1131 3458 nit
1153 3394 1251 3458 allcin
1273 3417 1330 3459 aus
1353 3395 1425 3460 iren

267 3499 443 3580 blicheren,
478 3501 592 3566 sonder
623 3501 703 3566 auch
726 3521 782 3564 aus
805 3501 894 3579 dem,
930 3500 985 3565 das
1008 3523 1081 3564 man
1106 3499 1226 3583 titglieh
1250 3499 1335 3564 sihet
1357 3501 1425 3564 und

266 3607 392 3685 erfarct,
418 3607 659 3671 [invemeinlich
681 3606 732 3684 ist,
756 3605 836 3670 anch
860 3605 915 3669 der
933 3627 1067 3684 massan,
1092 3606 1147 3670 das
1163 3607 1225 3670 ieta
1241 3605 1292 3669 die
1306 3612 1425 3690 gantae

266 3711 341 3776 welt
363 3710 395 3775 in
420 3707 537 3777 miihen
560 3711 626 3775 und
648 3711 791 3776 arbeiten
815 3709 936 3789 stehet,
970 3711 1037 3774 und
1068 3710 1240 3775 derhalbeu
1263 3710 1324 3774 mit
1347 3711 1424 3775 ineu

266 3821 303 3880 ah
327 3817 407 3881 thun
431 3813 493 3883 hat.
543 3817 635 3882 Denn
666 3817 731 3880 dise
762 3837 871 3902 grosse
893 3815 1089 3902 ungleicheit
1121 3815 1184 3880 han
1215 3815 1329 3878 anders
1361 3815 1423 3892 nit,

267 3919 350 3985 dann
374 3923 525 3988 1111111101
550 3921 614 3987 und
637 3922 766 3985 verdros
789 3921 934 4006 geberen.

265 4025 370 4088 Wenn
396 4027 440 4090 sie
464 4049 507 4090 nu
522 4049 591 4092 zum
609 4027 786 4092 Bahstumb
810 4027 935 4102 hornen,
959 4023 1083 4090 missen
1109 4026 1154 4089 sie
1176 4027 1336 4089 schweren
1361 4025 1425 4088 iter

266 4131 411 4194 vorlaren
436 4131 589 4196 Decreten
612 4137 650 4197 nil
673 4131 803 4209 haltcn,
839 4131 894 4194 das
919 4133 978 4209 ist,
1013 4131 1075 4194 ohn
1102 4131 1174 4214 [49]
1197 4129 1425 4215 verwilligung

266 4233 319 4297 des
344 4234 538 4315 Consistori,
574 4239 623 4302 nit
656 4238 792 4302 dawider
821 4241 859 4302 nh
883 4237 974 4303 thhn.
1022 4235 1070 4300 lst
1100 4257 1144 4298 nu
1173 4235 1256 4300 diser
1279 4232 1338 4300 Eid
1361 4235 1425 4299 alle

265 4339 342 4417 neit,
366 4339 421 4404 das
444 4341 502 4419 ist,
540 4364 600 4407 von
623 4343 743 4428 anfang
766 4343 821 4407 der
846 4342 1035 4408 lt'ornischen
1058 4340 1233 4406 Biachtven
1266 4361 1424 4426 genesen,
