3172 4958
701 347 763 412 1os
879 333 882 339 “

152 545 225 590 sum
249 517 410 606 magistra.
456 518 579 583 Deinde
608 538 680 584 cum
714 519 849 586 circuitu
879 520 970 606 vigili
998 522 1065 587 suis
1087 521 1231 587 sordibus
1253 521 1303 588 in-

149 626 296 693 volutum
309 646 438 710 porcum
450 622 695 708 pinguissimum
708 623 892 704 invenisset,
916 626 1141 711 obstupescens
1161 628 1305 693 miranda

150 731 313 810 crassitie,
346 729 392 794 sio
420 729 578 812 jacentem
609 727 757 814 diligenti
786 729 874 811 prius
898 732 1043 796 contuitu
1066 732 1212 796 circuivit
1235 755 1301 797 cer-

149 857 294 920 nensque
325 834 360 898 in
389 832 618 916 posterioribus
647 853 719 898 eum
750 833 809 896 vili
838 835 919 900 cutis
952 839 1102 918 apertura
1136 835 1300 915 foedatum,

121 963 259 1013 scoram
281 940 387 1024 posita
407 960 482 1004 mox
504 937 634 1004 accessit
657 943 690 1004 et
704 938 801 1004 dixit:
827 941 859 1002 te
874 939 1034 1005 doctorem
1049 941 1209 1024 replendae
1223 943 1305 1008 cutis

151 1048 221 1114 fore
253 1051 321 1112 tam
353 1044 503 1110 nimirum
537 1043 641 1108 relatu
678 1065 774 1127 quam
806 1043 876 1126 ipsa
909 1044 1063 1110 habitudo
1097 1051 1153 1111 tun
1186 1047 1303 1112 docuit.

151 1151 275 1218 Idcirco
284 1150 417 1236 dignum
425 1147 567 1214 mercede
576 1147 761 1230 repletionis
768 1148 989 1214 documentum
1005 1171 1111 1216 macra
1125 1153 1301 1234 expostulo.

151 1255 318 1334 Attamen,
342 1254 510 1320 reverende
533 1252 658 1330 doctor,
683 1273 723 1317 ne
733 1253 882 1331 turberis,
904 1255 992 1337 prius
1015 1259 1047 1320 te
1070 1255 1301 1338 quaestiuncula

151 1361 253 1446 pulso.
300 1358 417 1426 Audivi
439 1358 525 1423 enirn
556 1356 591 1422 in
614 1355 832 1441 plilosophicis
854 1358 989 1436 scholis,
1020 1360 1104 1442 quod
1135 1361 1304 1426 admiratio

111 1465 331 1550 indisciplina
352 1464 395 1528 sit
425 1463 531 1540 radix,
560 1462 759 1528 ramusculus
783 1463 916 1545 quaestio
949 1468 981 1527 et
1002 1463 1180 1530 satisfactio
1204 1465 1304 1530 dulcis

152 1572 285 1636 fructus.
353 1567 412 1634 (lui
451 1568 506 1632 ille
551 1572 629 1632 tunc
659 1567 853 1633 exhilaratus
887 1568 933 1632 sic
970 1569 1095 1653 inquit:
1134 1575 1304 1654 postquam

153 1675 286 1761 dignata
308 1697 351 1753 es,
375 1673 489 1738 debitae
511 1671 696 1738 calliditatis
718 1673 882 1758 magistra,
904 1673 944 1737 ad
967 1675 1165 1758 paupertatis
1187 1681 1304 1740 nostrae

152 1801 266 1846 venam
289 1778 495 1845 doctrinalem
518 1798 696 1854 recurrere,
724 1781 810 1842 certe
832 1777 912 1842 mihi
935 1777 1076 1843 debitum
1099 1783 1149 1843 est
1170 1801 1302 1863 respou-

153 1885 235 1952 dare.
279 1883 396 1950 Statim
419 1903 494 1967 ergo
518 1881 575 1946 illa
595 1880 780 1965 subjunxit:
813 1881 974 1965 quidest,
1003 1885 1135 1966 propter
1164 1885 1247 1967 quod
1272 1888 1304 1948 te

111 2031 139 2070 ,5
152 2011 219 2054 non
241 1988 345 2054 solum
366 1991 458 2053 tanta
479 1986 623 2052 ioeditate
645 1985 783 2064 sudum,
815 2007 924 2050 verum
954 1991 985 2050 et
1015 1987 1050 2052 in
1073 1989 1303 2072 posterioribus

152 2094 244 2160 video
268 2098 300 2158 tc
322 2093 508 2159 corrosum?
541 2090 705 2156 Mirandus
727 2112 760 2154 es
783 2095 867 2156 certe
889 2092 967 2156 satis
990 2093 1071 2158 cutis
1093 2093 1302 2176 plenitudine,

152 2221 218 2264 non
251 2201 358 2264 autem
391 2197 498 2262 miuus
531 2195 676 2261 sordidus
710 2195 913 2280 pruriginoso
945 2217 977 2260 es
1009 2197 1122 2262 ulcere.
1175 2199 1220 2262 At
1249 2199 1304 2264 ille

152 2303 268 2368 rubore
289 2301 420 2368 confuso
442 2303 533 2366 vultu
556 2300 735 2384 respondit:
759 2321 881 2384 nempe,
905 2301 1081 2379 carissima,
1104 2303 1227 2368 facinus
1242 2304 1303 2369 boc

153 2412 204 2473 est
225 2406 479 2492 pestilentissimi
510 2405 610 2470 muris
641 2425 678 2470 ao
707 2405 838 2468 minime
869 2427 992 2470 morsus
1022 2407 1167 2470 acumine
1193 2429 1303 2490 passus

111 2555 139 2594 Μ
154 2517 203 2578 est
224 2533 344 2590 sensus,
369 2513 445 2595 quia
466 2510 565 2576 moles
588 2509 792 2594 pinguedinis
814 2531 872 2574 uec
894 2529 1021 2575 sensum
1043 2511 1112 2593 pati
1134 2532 1192 2576 nec
1213 2515 1303 2577 motu

153 2615 326 2682 subvehere
348 2615 502 2699 permisit.
548 2613 665 2680 Nonne
687 2615 845 2680 crassities
867 2605 1053 2680 venatorum
1079 2617 1305 2681 insensibiliter

153 2722 280 2787 letalem
289 2718 598 2806 patiturictunriAd
607 2719 674 2784 haec
682 2718 789 2802 vulpes
798 2721 1133 2804 autiqueeeruditionis
1143 2722 1302 2786 sententia

153 2827 200 2892 sic
221 2826 345 2910 inquit:
376 2825 544 2890 maledictu
574 2824 617 2888 sit
647 2823 721 2888 talis
751 2823 910 2908 pinguedo
940 2824 1150 2908 stupefactiva
1180 2849 1300 2906 sensus,

154 2929 343 2996 dissolutive
365 2933 487 3006 motus,
510 2927 601 2994 sorde
623 2927 757 3006 referta,
785 2927 931 2992 doloroso
954 2949 1048 3011 opere
1071 2929 1221 3015 gravida,
1245 2951 1301 3014 ge·

111 3078 139 3118 ,ὕ
154 3034 331 3100 notationis
353 3033 466 3100 orbata
488 3032 605 3118 gaudio
628 3037 660 3098 et
682 3033 756 3098 vitae
778 3031 904 3115 privata
918 3032 1070 3116 tripudio.
1105 3033 1203 3098 Plura
1217 3034 1302 3098 euim

156 3139 351 3224 pinguedine
372 3139 566 3204 suffocantur
598 3142 629 3202 et
660 3136 804 3222 prolifica
825 3137 946 3202 virtute
967 3139 1130 3204 orbantur.
1178 3137 1305 3204 Gaudeo

155 3248 239 3310 certe
256 3243 343 3308 omni
359 3243 453 3308 modo
468 3221 574 3308 nesciri
589 3241 638 3306 tui
660 3246 693 3306 et
716 3263 788 3306 cara
803 3245 851 3306 est
861 3241 941 3306 mihi
958 3243 1126 3320 admodum
1143 3245 1306 3327 experien-

156 3349 204 3414 tia
224 3349 296 3414 mei.
336 3346 469 3414 Natura
484 3348 521 3412 ds
546 3350 660 3412 caetero
685 3345 839 3422 obediam,
859 3347 952 3429 ,juxta
974 3348 1058 3430 quod
1080 3348 1243 3431 sapientia
1259 3352 1307 3412 est

156 3453 333 3530 sententia,
366 3474 436 3536 quae
458 3451 603 3536 pluribus
625 3451 739 3536 ingens
762 3449 875 3514 salutis
898 3454 999 3514 mater
1021 3455 1053 3515 et
1077 3453 1206 3516 modieis
1230 3473 1306 3517 con-

115 3606 142 3643 „
156 3563 313 3625 tentaest.
359 3557 436 3636 Nec,
460 3557 568 3640 paucis
580 3559 706 3621 tautum
718 3577 824 3640 egeus,
847 3556 990 3620 obediam
1006 3556 1167 3640 amplius¹
1190 3559 1306 3622 intem·

157 3663 310 3748 perantiae
322 3664 416 3748 gulae,
428 3683 498 3745 quae
513 3661 710 3728 infirmitatis
720 3661 860 3740 fontana,
873 3660 1016 3725 libidinis
1029 3682 1133 3744 poeua,
1150 3662 1306 3746 desipien-

155 3768 210 3833 tiae
221 3769 343 3844 semita,
366 3767 478 3832 mortis
489 3767 597 3851 janua,
622 3769 686 3830 stat
702 3766 791 3830 nullo
805 3766 869 3830 fine
885 3765 1049 3849 epularum
1065 3770 1225 3831 contenta.
1257 3767 1308 3831 Ad

155 3872 289 3937 salutem
312 3872 396 3938 enim
429 3875 461 3936 et
482 3871 581 3936 vitam
601 3892 672 3936 cum
697 3870 838 3936 naturali
860 3870 930 3954 lege
952 3870 1117 3934 ordinatus
1140 3870 1184 3935 sit
1207 3871 1306 3949 cibus,

141 3973 190 4040 'in
214 3976 425 4061 perditionem
449 3981 482 4042 et
504 3968 639 4041 mortem
663 3998 753 4040 suam
778 3974 1004 4040 immoderatus
1020 3995 1056 4038 eo
1071 3975 1174 4039 utitur
1189 3977 1307 4040 fatuus.

115 4129 141 4169 ,ὅ
155 4080 325 4148 Eruditum
355 4082 456 4168 igitur
476 4081 527 4148 his
550 4081 758 4167 magistrum,
781 4080 951 4164 disciplina
973 4079 1196 4146 illicentiatum
1222 4079 1307 4145 vele-

155 4186 241 4254 dicto
262 4186 402 4271 reliquit.

721 4305 741 4347 e

226 4413 240 4468 1
260 4409 372 4468 sudem
390 4411 467 4468 lesen
485 4409 623 4466 schlecht:
642 4409 756 4466 obviam
774 4408 1010 4482 intemperantia.
