3160 4960
831 335 871 400 16

274 531 400 585 moror,
423 507 458 572 in
481 507 541 573 bac
564 507 706 574 novitate
729 527 828 572 unum
852 511 899 572 cst
922 507 1006 592 quod
1029 508 1214 590 presbiteris
1237 514 1271 575 et
1292 508 1434 593 pellipa-

274 614 331 678 riis
355 634 419 677 non
443 635 475 678 es
498 611 656 676 modicum
678 611 796 690 odiosa,
822 610 886 676 illis
910 613 1036 695 quidem
1059 617 1190 697 propter
1212 612 1313 678 aclum
1330 613 1432 699 galli-

274 739 388 784 narum
416 739 563 795 suarum,
599 717 670 780 istis
702 737 775 780 vero
806 717 937 805 pellium
969 717 1143 800 cupiditate
1171 726 1309 784 tuarum.
1366 716 1432 782 Sed

274 822 360 889 aliud
384 825 432 886 eat
462 825 498 886 ut
529 821 562 886 in
594 843 676 887 novo
699 821 829 907 negotio
852 822 1020 890 consilium
1044 824 1247 907 antiquorum
1272 822 1429 906 requiras

247 951 259 988 s
274 951 411 1013 namque
434 927 600 992 consilium
625 927 782 993 custodiet
796 931 829 992 te
845 931 877 992 et
893 928 1062 1012 prudentia
1073 931 1105 992 te
1120 928 1268 993 servabit.
1308 927 1430 992 Statim

273 1035 383 1119 vulpes
406 1033 585 1097 inconsulte
608 1032 791 1118 respondit:
816 1032 976 1119 principia
999 1033 1127 1116 quidem
1143 1055 1249 1098 rerum
1267 1033 1349 1097 mole
1364 1033 1431 1096 mi·

272 1141 360 1205 nima
383 1139 501 1203 virtute
524 1142 601 1202 sunt
623 1137 770 1214 maxima,
795 1159 871 1202 nam
894 1159 932 1201 ex
945 1159 1043 1221 parvo
1058 1139 1178 1203 semine
1195 1139 1301 1221 palma
1316 1138 1429 1222 gigni-

204 1327 210 1338 ·
271 1251 326 1311 tur
354 1245 486 1328 ingens:
514 1243 598 1308 unde
622 1244 654 1307 in
687 1243 829 1307 minimis
858 1243 994 1308 exordiis
1023 1245 1162 1309 maxima
1190 1248 1267 1309 sunt
1289 1243 1427 1308 consilia

272 1351 412 1437 agenda,
446 1349 594 1433 quoniam
625 1370 740 1434 parvus
764 1369 851 1414 error
873 1348 907 1412 in
932 1349 1107 1433 principio,
1138 1348 1295 1414 maximus
1318 1347 1424 1412 estin
1451 1351 1454 1360 '

232 1479 257 1518 ιο
271 1456 343 1520 fine.
390 1453 549 1518 Modicum
572 1454 657 1518 enim
679 1453 866 1537 corruptelae
892 1453 1007 1518 radicis
1030 1455 1063 1517 in
1087 1457 1191 1517 totum
1215 1453 1337 1517 arboris
1352 1474 1425 1517 cor·
1459 1473 1463 1480 ·

271 1583 330 1646 pus
353 1558 551 1636 diffunditur,
575 1579 611 1622 co
634 1560 717 1640 quod
741 1558 775 1621 in
799 1580 856 1623 suo
878 1557 1036 1642 principio
1060 1557 1193 1640 quodam
1215 1558 1308 1624 modo
1324 1558 1425 1622 totius

271 1664 399 1730 realitas
423 1664 615 1741 continetur,
639 1663 790 1746 quoniam
814 1665 895 1727 etsi
918 1663 1052 1728 minima
1074 1662 1221 1747 negligis,
1248 1663 1363 1727 deflues
1387 1663 1422 1726 in

271 1771 391 1854 majora
420 1769 586 1854 paulatim.
631 1769 767 1853 Propter
799 1769 858 1834 hoc
880 1767 1028 1833 Salomon
1059 1767 1092 1831 in
1124 1768 1291 1850 proverbio
1321 1769 1420 1832 dixit:

271 1877 344 1940 audi
359 1875 574 1940 consiliumet
589 1875 711 1958 suscipe
726 1875 913 1952 doctrinam,
937 1878 975 1938 ut
989 1874 1032 1937 sis
1048 1873 1174 1956 sapiens
1190 1874 1223 1936 in
1241 1875 1421 1939 novissimis

231 1983 345 2059 retnis,
368 2002 441 2044 nam
465 1984 498 2043 et
519 1979 730 2064 cogitationes
753 1979 892 2045 consiliis
916 1978 1115 2043 roborantur.
1162 1977 1212 2043 Ad
1229 1979 1296 2042 hacc
1311 1977 1420 2060 vulpes

269 2087 354 2150 victa
383 2085 505 2149 ratione
534 2085 714 2168 respondit:
750 2085 808 2148 etsi
839 2084 874 2147 in
905 2083 966 2148 hoc
998 2083 1066 2167 ipso
1095 2083 1144 2148 uti
1173 2083 1306 2148 consilio
1341 2104 1420 2166 opus

268 2196 327 2270 est,
351 2190 429 2256 satis
451 2189 557 2275 gratia
580 2195 702 2255 naturae
724 2193 773 2254 cst
795 2211 946 2254 meorum.
992 2187 1170 2271 Statimque
1196 2189 1297 2252 altera
1320 2187 1418 2254 dixit:

269 2298 421 2381 scriptum
446 2298 504 2373 est,
528 2317 592 2359 non
615 2295 659 2359 sis
682 2294 808 2378 sapiens
833 2294 915 2378 apud
938 2293 1140 2377 temetipsum
1162 2297 1195 2358 et
1210 2315 1250 2358 ne
1269 2293 1420 2357 innitaris

267 2401 444 2488 prudentiae
467 2411 538 2480 tuas,
562 2401 638 2484 quia
660 2400 799 2466 dicentes
821 2423 855 2465 sc
876 2422 942 2466 esse
957 2399 1115 2483 sapientes
1131 2397 1223 2462 stulti
1237 2397 1316 2462 facti
1330 2403 1416 2461 sunt.

229 2528 254 2567 ro
268 2505 384 2573 Nonne
416 2505 508 2592 plura
537 2510 674 2588 quatuor
704 2505 786 2570 oculi
820 2506 929 2570 vidant
961 2527 1056 2589 quarn
1090 2502 1177 2567 duol’
1209 2501 1418 2586 Multiplicati

269 2613 349 2678 radii
380 2612 453 2696 plus
482 2611 671 2675 illustrant?
708 2607 812 2694 Major
843 2614 927 2675 oarte
958 2608 1105 2675 valetudo
1136 2610 1184 2672 est
1213 2606 1353 2691 plurium
1384 2609 1418 2671 et

267 2718 345 2783 ratis
368 2717 506 2781 securius
527 2713 674 2798 pluribus
707 2715 814 2779 nautis
844 2715 1050 2800 gubernatur.
1096 2713 1157 2780 Sed
1187 2717 1219 2778 ct
1249 2713 1337 2796 cujus
1368 2717 1418 2777 est

266 2821 444 2898 consilium,
468 2841 573 2884 nonne
596 2819 783 2903 sapientiae?
806 2819 965 2885 Nimirum
989 2820 1056 2884 brac
1078 2839 1148 2901 quaa
1170 2817 1416 2896 absconditum,

266 2926 385 2991 revelat
413 2924 529 2990 alteri?
562 2923 605 2989 Et
636 2925 828 2990 humilitatis
859 2926 997 2990 amatrix
1026 2930 1063 2990 ut
1091 2924 1265 3009 plurimum
1294 2927 1426 2988 rectum.

227 3051 252 3090 aa
266 3054 323 3116 per
346 3030 484 3095 alienum
508 3031 599 3095 docet
620 3031 787 3096 consilium
810 3032 848 3095 de
871 3031 1011 3116 agendis.
1045 3029 1177 3094 'Verum
1206 3029 1234 3093 si
1263 3029 1342 3094 bene
1365 3031 1416 3093 vi·

266 3136 350 3215 disti,
375 3139 455 3200 teste
478 3135 657 3201 consiliario
681 3135 786 3202 addito
810 3137 924 3201 certior
947 3137 1019 3215 eris,
1048 3136 1076 3200 si
1098 3156 1162 3200 non
1186 3139 1279 3214 recte,
1304 3135 1416 3200 statim

263 3241 299 3304 in
320 3241 433 3305 melius
456 3240 611 3325 dirigaris.
659 3241 786 3318 Quanto
808 3241 907 3326 igitur
931 3240 1099 3306 consilium
1122 3262 1160 3304 ex
1183 3240 1327 3323 pluribus
1351 3245 1411 3320 est,

263 3350 356 3410 tanto
388 3344 546 3409 salubrius
578 3349 642 3421 ert,
674 3346 826 3430 quoniam
855 3346 910 3411 ubi
940 3347 1044 3411 multa
1066 3345 1216 3423 consilia,
1247 3346 1293 3409 ibi
1316 3346 1414 3412 salus.

262 3450 313 3516 sic
334 3451 464 3516 audiens
494 3450 618 3533 sapiens
649 3451 839 3534 sapientiam
869 3452 1043 3536 sapientior
1074 3451 1136 3516 erit
1165 3457 1197 3514 st
1229 3451 1416 3536 intelligens

224 3575 250 3618 co
264 3555 479 3640 gubernacula
500 3554 682 3639 possidebit.
728 3555 779 3622 Ad
809 3557 875 3622 haeo
906 3558 1071 3641 vulpecula
1103 3557 1197 3621 dixit:
1231 3557 1296 3620 scio
1329 3557 1415 3640 quod

262 3660 393 3745 provida
414 3683 458 3738 ea,
481 3660 566 3740 doce,
591 3681 706 3745 quaeso,
730 3663 817 3747 cujus
839 3663 882 3727 sit
897 3663 1065 3726 consilium
1081 3662 1281 3726 audiendum.
1321 3662 1414 3728 Tunc

262 3766 334 3830 illa:
359 3767 475 3851 quippe
484 3767 647 3851 sapientis,
664 3769 839 3851 prudentis,
864 3768 1004 3846 scientis,
1029 3769 1163 3850 experti,
1178 3767 1281 3847 amici,
1298 3768 1412 3849 fidelis,

261 3871 457 3956 magnanimi
483 3870 645 3956 Deumque
667 3872 820 3938 timentis.
868 3873 989 3950 Quibus
1012 3873 1104 3937 dictis
1127 3876 1159 3936 et
1182 3872 1315 3958 digestis
1335 3895 1412 3957 pro-

261 3977 335 4042 vida
357 3976 501 4041 callidam
523 3977 680 4042 cruditam
703 3978 879 4043 valedicto
902 3978 1031 4045 dimisit.

221 4169 551 4255 ³⁶Diligentiori
580 4171 867 4236 ruminatione
900 4171 1034 4238 omnia
1056 4173 1241 4260 digeras,
1275 4177 1410 4260 prius-

711 4297 830 4359 quam
852 4297 960 4362 agas.

540 4411 594 4480 De
616 4414 715 4482 bove
737 4420 777 4482 et
798 4437 943 4500 porco,
966 4439 1033 4503 cap.
1063 4425 1110 4484 ll.
