3172 4958
691 343 735 410 95

142 524 177 585 et
199 541 270 603 quae
292 518 420 603 quidem
442 523 484 595 te,
508 517 570 582 nisi
586 537 653 580 eam
677 515 877 600 relinqueris,
900 537 966 582 non
988 518 1156 604 relinquet.
1203 518 1242 584 In
1259 541 1296 585 ea

139 626 316 700 dumtaxat,
341 623 403 686 nisi
415 623 492 688 velit
508 641 675 704 possessor,
692 642 754 686 uon
782 622 927 700 vincitur,
945 628 1224 707 quantumcunque
1239 629 1295 688 aut

141 730 231 794 intus
263 732 319 792 aut
349 729 425 792 foris
453 727 615 791 molestias
639 725 789 810 patiatur.
835 725 956 790 Revera
978 727 1044 792 baso
1068 732 1116 792 est
1139 728 1295 812 possessio

142 857 221 911 mea,
238 856 301 919 qua
313 834 459 910 invictus,
477 834 567 910 liber,
582 831 678 909 dives,
697 832 834 916 quietus,
851 833 1039 908 tutissimus,
1063 837 1095 896 et
1110 839 1296 898 oaeterorum

114 940 300 1004 abonorum
323 960 387 1002 non
411 938 536 1023 cupitor
558 937 613 1001 sed
635 957 794 1020 possessor
817 937 1012 1001 exundantia
1027 937 1128 1021 ipsius
1141 938 1295 1002 bonitatis

144 1045 179 1108 in
213 1044 305 1108 bonis
334 1041 620 1106 innumerabilibus
651 1061 701 1104 me
730 1041 836 1123 ipsum
865 1041 1001 1106 effundo.
1054 1040 1178 1105 Bonum
1211 1043 1297 1107 enim

145 1148 326 1238 diffusivum
339 1151 385 1211 est
397 1148 446 1211 sui
460 1147 569 1230 ipsius.
615 1144 719 1230 Igitur
729 1146 847 1210 bonum
856 1167 958 1210 meum
969 1151 1018 1210 est
1028 1146 1232 1212 liberalitatis
1244 1169 1295 1212 re·

145 1253 271 1316 tissima
291 1253 408 1330 virtus,
433 1273 509 1336 qua,
529 1238 604 1315 ¹eum
628 1250 824 1314 eommunieo
848 1251 986 1334 propria,
1009 1250 1090 1316 mibi
1112 1251 1172 1317 boe
1193 1252 1296 1338 magis

145 1357 326 1442 approprio,
350 1379 445 1441 quam
467 1379 537 1422 oum
555 1354 660 1420 aliena
674 1356 837 1439 possideo;
860 1378 932 1421 oum
955 1357 1145 1422 distribuero
1168 1356 1296 1441 oolligo,

103 1486 131 1522 ιο
144 1466 178 1526 et
200 1463 276 1526 dum
298 1463 457 1546 expendo,
493 1460 628 1525 recondo
652 1482 697 1524 ea.
742 1459 902 1526 Nimirum
934 1467 971 1526 ut
998 1463 1121 1527 eunetis
1152 1461 1298 1554 proficiat

146 1566 272 1644 eoelum,
297 1566 498 1650 rapidissimo
521 1586 614 1630 eursu
637 1564 786 1643 volvitur,
810 1567 1087 1630 virtuosalumina
1109 1564 1298 1631 aiderafun·

145 1673 237 1749 dunt,
261 1675 313 1734 adr
336 1671 476 1735 torridus
498 1669 673 1734 eoueresoit
696 1669 730 1733 in
753 1670 893 1752 pluviam
924 1673 957 1735 et
984 1672 1099 1755 ubique
1122 1675 1187 1736 tam
1212 1691 1297 1734 oom-

145 1775 239 1840 moda
261 1775 421 1860 germinat
443 1777 537 1844 terra
584 1773 631 1837 Ea
654 1772 779 1857 quidem
803 1795 867 1838 uon
899 1773 960 1838 sibi
990 1774 1043 1838 sed
1074 1775 1146 1839 aliis
1178 1774 1297 1860 germi-

145 1881 221 1944 fieat
244 1883 359 1944 natura
381 1879 532 1955 liberalis,
557 1877 664 1963 gignit
686 1879 826 1956 metalla,
851 1878 1031 1943 scaturiunt
1045 1879 1161 1956 fontes,
1184 1879 1297 1944 frueti-

108 2008 135 2045 ιι
149 1985 249 2048 fiuant
279 1983 422 2061 arbores,
454 1982 641 2047 mellificant
671 2005 746 2067 apes
774 1987 806 2047 et
836 2003 909 2047 cara
937 1982 1053 2048 vellera
1084 1983 1194 2048 ferunt
1215 2005 1297 2048 oves.

148 2089 232 2153 Tota
254 2089 355 2172 igitur
377 2093 499 2152 naturae
522 2110 583 2166 ers,
606 2087 699 2152 labor
721 2092 754 2152 et
776 2088 917 2152 studium
938 2089 977 2152 ad
999 2088 1186 2153 beneficium
1209 2087 1299 2153 exhi·

147 2193 285 2258 bendum
309 2215 346 2256 ex
369 2193 487 2256 virtute
510 2192 713 2257 liberalitatis
727 2198 929 2257 concurrunt.
976 2191 1046 2257 Hoe
1060 2193 1160 2278 igitur
1176 2193 1299 2279 agendo

151 2318 265 2381 sequor
274 2297 361 2360 illam
378 2301 410 2360 et
426 2319 464 2360 ex
479 2296 625 2360 medullis
637 2297 810 2361 carioribus
826 2295 978 2362 beneficia
993 2297 1174 2380 impendere
1190 2319 1296 2363 eonor.

148 2403 268 2479 Quibus
291 2401 408 2466 auditis
430 2401 596 2466 illiberalis
612 2423 735 2482 aranea,
758 2401 889 2467 confusa
903 2424 922 2466 a
937 2401 1064 2466 doctore
1079 2401 1294 2479 liberalitatis,

106 2531 134 2568 ao
148 2507 318 2573 obmutuit.

149 2715 424 2782 Proverbium
440 2717 722 2796 ostensivum,
740 2717 837 2800 quod
853 2716 1051 2784 liberalis
1067 2717 1298 2803 datgratis.

446 2891 499 2956 De
522 2896 636 2956 terra
658 2895 698 2955 et
720 2895 835 2968 atre,
858 2913 926 2976 oap.
957 2897 1003 2956 19.

240 3033 319 3099 Cum
342 3037 416 3116 post
438 3031 621 3097 effusionem
645 3031 770 3114 plurim,
794 3052 889 3114 quam
912 3032 1039 3096 dederat
1061 3032 1157 3097 aridae
1172 3033 1296 3099 sitienti

151 3137 323 3204 calefactus
334 3142 396 3216 adr,
420 3159 458 3202 ex
481 3137 590 3200 eadem
612 3134 774 3218 vaporales
791 3135 997 3200 humiditates
1010 3135 1203 3214 exhauriret,
1228 3159 1302 3202 mox

111 3277 137 3313 2⁶
152 3243 182 3306 ei
215 3242 321 3307 loouta
352 3249 401 3305 est
431 3247 518 3306 terra
539 3240 663 3305 dicens:
699 3243 735 3303 ut
764 3239 837 3323 quid
862 3243 928 3304 tam
950 3242 1014 3305 cito
1037 3240 1201 3306 humidum
1226 3243 1301 3306 sub-

153 3346 263 3423 trahis,
282 3347 365 3429 quod
382 3345 551 3410 sitibundae
567 3345 726 3430 gratiosus
742 3367 854 3428 parum
870 3350 943 3410 anto
959 3345 1095 3410 dedisti?
1119 3347 1164 3410 At
1185 3346 1239 3409 illa
1253 3367 1303 3408 re-

153 3451 299 3535 spondit:
316 3451 427 3528 adhue,
441 3472 511 3514 oum
522 3455 589 3514 tam
601 3450 734 3533 antiqua
744 3450 797 3527 sis,
810 3449 959 3534 ignoras?
981 3448 1053 3514 Nisi
1067 3449 1127 3516 boe
1138 3471 1303 3528 sumerem,

155 3556 234 3622 illud
258 3556 440 3620 nullatenus
464 3553 663 3636 tribuissem,
688 3555 803 3619 ideireo
826 3555 911 3618 enim
935 3555 1018 3618 dono
1040 3555 1177 3632 laticem,
1202 3561 1237 3618 ut
1252 3576 1303 3618 as·

154 3683 276 3726 sumam
307 3681 462 3743 vaporem.
510 3659 600 3724 Tune
627 3663 712 3722 terra
735 3659 780 3723 sio
801 3659 923 3742 iuquit:
956 3658 1083 3723 letalius
1107 3660 1225 3743 qnippe
1249 3681 1304 3724 ou-

114 3765 299 3851 epidimia
330 3769 378 3828 eet
408 3763 512 3838 virus,
546 3763 629 3845 quod
662 3762 863 3828 liberalitatis
894 3763 996 3846 speeie
1025 3763 1181 3847 erigitur3
1214 3769 1306 3828 tanto

155 3871 240 3936 enim
263 3868 400 3952 amplius
429 3867 574 3931 nocivum
598 3866 708 3930 vitium
733 3870 799 3944 est,
830 3872 950 3950 quanto
979 3867 1081 3954 magis
1112 3868 1307 3952 apparentiae

153 3975 251 4059 pallio
274 3997 306 4037 se
331 3973 478 4037 virtutem
504 3971 666 4037 mentitur.
714 3971 826 4036 Dicam
850 3972 960 4057 igitur,
985 3994 1024 4036 ne
1046 3973 1196 4050 turberis,
1220 3975 1303 4056 quod

154 4101 219 4146 nou
242 4099 274 4142 es
298 4077 424 4154 effusor,
448 4077 501 4140 sed
526 4079 682 4140 mereator
705 4075 852 4158 rapidus,
876 4097 940 4140 non
964 4077 1099 4141 donator
1119 4077 1172 4140 sed
1196 4077 1306 4142 vendi·

154 4187 205 4248 tor
232 4203 302 4246 eum
336 4181 397 4258 sis,
428 4201 626 4264 nequaquam
658 4201 691 4244 es
714 4179 862 4246 liberalis,
909 4179 1065 4245 Liberalis
1089 4201 1225 4264 namque
1247 4183 1306 4259 est,

118 4323 143 4362 μ
157 4288 212 4371 qui
234 4307 291 4352 sua
314 4287 398 4351 bona
421 4284 595 4350 liberaliter
617 4285 800 4369 dispergens
826 4304 889 4348 non
912 4288 1095 4364 commutat,
1123 4285 1176 4350 sed
1198 4285 1305 4352 donat.

157 4391 284 4457 Donare
317 4393 422 4455 autem
452 4392 501 4454 est
521 4390 622 4476 gratis
646 4393 773 4454 tantum
797 4391 948 4455 virtutem
978 4390 1168 4475 impendere.
1214 4390 1307 4456 Unde
