3172 4962
815 303 877 366 1⁷2

447 473 502 542 De
524 475 814 562 mandragora
835 479 876 539 ct
896 473 1076 554 Venere,
1101 474 1173 542 dial.
1200 479 1251 541 31.

362 596 609 685 Mandragoras,
645 598 724 663 dicit
757 596 958 683 Augustinus
990 619 1087 681 supra
1118 597 1284 677 Genesim,
1322 619 1424 685 genus

276 701 362 785 pomi
385 706 433 766 est
457 707 487 767 et
511 703 548 767 de
570 703 630 768 hoc
652 723 767 789 genere
788 702 877 786 pomi
899 701 1024 786 opinari
1053 704 1205 787 quosdam
1236 704 1330 780 dicit,
1362 704 1423 768 sci-

276 805 350 869 licet
379 807 461 889 quod
492 811 654 892 acceptum
685 808 719 872 in
742 829 844 872 escam
874 807 1037 872 sterilibus
1067 807 1304 872 foecunditatem
1328 808 1423 892 parit.

249 908 410 992 uProptcr
439 911 522 976 hanc
549 912 718 989 virtutem,
750 933 843 995 quam
868 911 1025 995 possidet,
1056 911 1165 978 Venus
1189 914 1246 978 dea
1270 913 1423 992 adultera,

277 1035 347 1097 quaa
368 1014 535 1080 moechiam
557 1016 721 1080 exercebat
736 1038 808 1081 cum
823 1014 927 1080 Marte
949 1020 982 1080 et
996 1015 1135 1082 Anchise
1158 1021 1190 1083 et
1206 1016 1360 1094 Adonide,
1384 1016 1424 1081 ad

186 1153 190 1158 -
275 1117 519 1204 mandragoram
552 1121 693 1203 perrexit
729 1123 763 1184 et
799 1141 868 1184 eam
901 1120 1088 1204 suppliciter
1125 1121 1268 1186 exorauit
1298 1120 1423 1186 dicens:

275 1221 398 1305 optima
419 1221 594 1302 fructifera,
619 1223 723 1309 aspice
745 1224 780 1288 in
793 1245 844 1288 me
866 1227 898 1288 ct
920 1224 1074 1308 despicias
1096 1246 1203 1309 preces
1225 1247 1319 1303 meas,
1348 1245 1423 1288 con-

276 1327 349 1390 cede
380 1327 460 1391 mihi
491 1328 656 1411 paululum
689 1328 780 1392 edere
802 1329 840 1393 de
864 1333 912 1406 te,
942 1336 980 1394 ut
1012 1329 1050 1394 de
1079 1329 1276 1394 amatoribus
1306 1328 1424 1394 liberos

238 1449 264 1488 ro
277 1431 439 1514 concipere
462 1432 601 1510 valeam,
633 1433 752 1497 sterilis
782 1433 867 1496 enim
896 1453 967 1496 sum
989 1438 1032 1497 ‘et
1061 1433 1120 1498 hoc
1149 1433 1217 1498 sine
1239 1438 1272 1498 te
1293 1433 1425 1498 minimo

277 1557 370 1617 agere
394 1557 534 1621 possum:
556 1537 839 1602 tantummodome
861 1537 972 1601 exaudi
997 1542 1028 1601 et
1051 1542 1132 1622 pete,
1157 1539 1239 1622 quod
1263 1539 1319 1602 vis.
1366 1537 1425 1603 oui

276 1643 519 1730 mandragoras:
550 1643 691 1706 omnium
715 1641 889 1726 impudica,
921 1647 974 1707 adr
996 1647 1028 1707 et
1061 1648 1145 1708 terra
1173 1644 1299 1727 polluta
1328 1646 1377 1707 est
1406 1666 1426 1708 a

277 1745 389 1812 foetorc
411 1748 546 1813 luxuriae
568 1750 642 1824 tuae,
671 1752 791 1830 quanto
813 1747 926 1831 magis,
950 1746 977 1810 si
999 1746 1082 1810 filios
1106 1746 1282 1810 luxuriosos
1305 1747 1422 1832 germi-

277 1853 420 1932 naveris,
451 1858 482 1917 te
505 1852 731 1917 delectabiliter
755 1853 898 1916 viderent
928 1873 1077 1936 magnam
1108 1856 1141 1916 et
1156 1851 1422 1935 multiplicatam

233 1975 263 2014 1⁶
277 1958 386 2023 recede
408 1981 427 2022 a
448 1979 516 2036 me,
541 1979 635 2042 quam
658 1958 752 2022 citius
775 1957 904 2043 poteris,
927 1955 1002 2041 quia
1020 1956 1088 2041 jam
1110 1979 1130 2020 a
1152 1954 1263 2022 foetore
1286 1945 1425 2040 impudi-

194 2045 201 2058 ’
278 2063 362 2127 citiae
385 2065 448 2126 tuae
470 2061 610 2128 olfacior.
655 2060 708 2129 Sic
739 2085 806 2127 eam
838 2084 910 2127 curu
941 2061 1126 2127 confusione
1156 2061 1279 2146 expulit
1302 2061 1426 2126 diceus:

277 2167 456 2232 meretrices
478 2167 704 2251 propulsentur
727 2189 784 2232 nec
807 2189 877 2232 cum
900 2167 977 2251 ipsis
993 2166 1163 2231 fabuletur.
1212 2166 1295 2243 Quia
1308 2166 1426 2231 dicitur

278 2271 394 2337 Eccles.
420 2271 482 2336 IX⁰
506 2272 698 2356 colloquium
720 2272 862 2336 mulieris
878 2272 1049 2337 immundae
1071 2272 1162 2355 quasi
1177 2271 1263 2357 ignis
1278 2273 1424 2336 exardes-

277 2379 330 2442 cit.
377 2377 447 2442 Hoc
469 2377 553 2442 enim
577 2377 626 2441 vir
647 2381 750 2442 castus
773 2397 866 2461 agere
889 2376 998 2454 debet,
1037 2377 1064 2440 si
1094 2375 1184 2459 cupit
1205 2375 1426 2461 integritatem

240 2509 266 2548 ac
279 2504 368 2547 suam
392 2481 558 2547 custodire.
604 2479 680 2546 Non
710 2481 795 2546 enim
826 2502 897 2544 cnm
921 2480 1105 2545 mulieribus
1137 2480 1224 2564 loqui
1255 2502 1312 2545 nec
1334 2503 1425 2546 aures

280 2588 519 2655 accommodare
541 2586 645 2650 verbis
667 2587 733 2650 suis
756 2585 919 2662 debemus,
951 2585 1003 2649 sed
1034 2607 1086 2648 eas
1110 2585 1295 2670 propulsare
1317 2607 1353 2651 ac
1375 2609 1425 2652 rc-

280 2693 425 2776 primere.
471 2691 572 2756 Prout
602 2691 699 2755 refert
727 2690 933 2755 Hieronimus
963 2691 1000 2754 de
1032 2690 1167 2774 quodam
1191 2693 1338 2770 martire,
1370 2691 1426 2775 qui

277 2820 349 2862 cum
372 2797 497 2862 vicisset
519 2797 621 2860 multa
643 2800 822 2869 tormenta,
852 2795 973 2880 positus
997 2800 1045 2860 est
1067 2797 1100 2860 in
1123 2794 1217 2860 horto
1241 2800 1343 2860 strato
1363 2796 1421 2861 flo-

276 2903 374 2981 ribus,
400 2902 455 2966 ubi
478 2907 546 2966 erat
569 2903 719 2966 meretrix
742 2902 892 2984 speciosa,
917 2922 987 2985 quae
1009 2922 1118 2965 carnes
1141 2900 1207 2984 ejus
1223 2900 1424 2966 attrectabat.

238 3029 264 3069 aa
280 3008 342 3085 Qui
366 3007 572 3073 conscindens
595 3007 657 3071 sibi
679 3007 823 3091 linguam
846 3007 972 3090 exspuit
995 3026 1067 3070 cum
1089 3005 1295 3090 sanguinein
1311 3005 1423 3071 faciem

279 3113 344 3197 ejus
379 3113 445 3177 zelo
475 3112 640 3176 munditiae
671 3116 704 3176 ct
733 3112 898 3176 castitatis.
955 3111 1106 3189 Quaedam
1140 3111 1252 3194 regina
1283 3109 1425 3174 Franciae

278 3240 350 3283 cum
388 3217 518 3282 vidisset
557 3217 714 3301 quendam
749 3217 911 3281 dominum
945 3216 1156 3301 magistrum,
1190 3214 1337 3279 Peratam
1364 3235 1423 3278 no-

179 3399 189 3418 x
278 3322 375 3402 mine,
398 3320 586 3405 prudentem
601 3329 633 3385 et
644 3320 814 3386 habentem
831 3319 1058 3405 pulcherrimas
1076 3342 1197 3398 manus,
1213 3319 1338 3384 vocavit
1353 3341 1426 3383 eum

278 3429 317 3492 ad
341 3449 374 3492 se
397 3430 428 3490 ct
450 3424 688 3510 apprehendens
711 3447 781 3490 cum
813 3446 869 3509 per
892 3447 1004 3490 manus
1035 3424 1132 3488 dixit:
1162 3446 1181 3488 o
1210 3446 1305 3508 quarn
1336 3425 1427 3509 digni

239 3553 265 3592 ac
279 3533 334 3598 isti
343 3532 436 3617 digiti
445 3536 520 3595 sunt
526 3534 696 3617 tangereet
704 3533 839 3594 tractare
848 3531 989 3613 [pectora
996 3530 1026 3612 l]
1035 3529 1148 3594 lictora
1154 3529 1289 3614 reginae!
1299 3528 1350 3593 Ad
1359 3528 1428 3595 haec

278 3659 391 3702 manus
414 3637 547 3701 retraxit
569 3639 729 3719 porrectas
751 3640 783 3700 et
805 3635 867 3700 ait:
890 3657 964 3712 non,
989 3634 1125 3712 domina,
1148 3634 1229 3699 fiunt
1251 3633 1327 3712 haec,
1354 3657 1426 3719 quae

278 3742 395 3818 dicitis,
418 3741 494 3826 quia
514 3739 542 3804 si
564 3740 658 3826 digiti
681 3741 744 3804 mei
767 3743 937 3826 tangerent
952 3739 1067 3805 lictors
1082 3743 1196 3818 vestra,
1222 3762 1295 3805 cum
1312 3741 1427 3826 quibus

278 3847 451 3912 decaetero
474 3845 772 3924 ederuvoluissem,
807 3845 852 3909 sic
882 3844 1039 3908 immundi
1068 3849 1173 3909 essent
1204 3845 1298 3930 digiti
1321 3845 1383 3910 mei
1408 3867 1428 3909 a

277 3955 366 4017 tactu
387 3955 512 4030 restro,
546 3952 629 4036 quod
661 3951 699 4015 de
729 3953 841 4015 cetero
871 3949 1071 4014 abominarer
1102 3949 1186 4034 ipsos
1216 3949 1256 4015 ad
1286 3970 1321 4014 os
1351 3970 1428 4014 con·

238 4076 263 4116 aa
277 4059 407 4122 vertere.

519 4211 575 4277 Do
596 4212 761 4278 rosario
783 4214 822 4276 ct
843 4209 1026 4295 perdice,
1050 4207 1115 4273 dial
1138 4211 1189 4272 32.

365 4351 533 4416 Rosarium
555 4351 804 4436 pulcherrimum
835 4350 868 4415 in
902 4349 1038 4435 quodam
1069 4346 1220 4413 viridario
1248 4345 1429 4432 pullulabat
