3146 4962
683 337 746 398 273

140 511 269 590 peccata
292 529 379 582 mea,
407 529 478 571 vere
499 507 614 592 dignus
637 530 704 572 sum
730 509 854 591 puniri,
877 511 1025 592 quoniam
1048 511 1108 576 tibi
1132 511 1190 576 sub
1212 535 1286 596 pro-

140 611 279 677 tectione
311 613 391 677 catti
421 613 604 677 adversatus
631 612 686 677 fui.
743 611 794 676 Sic
824 613 908 677 enim
933 615 1018 679 inter
1041 616 1232 701 murilegum
1254 622 1287 681 et

139 717 308 781 mustelam
330 717 518 782 discordiam
551 716 745 790 seminabat,
776 739 847 780 cum
881 717 920 780 ab
953 719 1029 802 ipsis
1058 720 1285 804 corrigebatur.

139 819 189 884 Ad
213 827 406 905 postremum
430 823 475 888 sic
497 845 548 886 eas
571 823 666 886 simul
689 822 858 905 copulavit,
883 823 957 905 quia
972 823 1102 888 omnino
1117 825 1288 908 cupiebant

112 947 172 989 ase
196 925 356 992 dilaniare.
403 926 487 992 Dum
520 933 625 992 autern
658 927 696 991 ad
720 933 878 992 certamen
903 934 1025 1012 promte
1048 930 1286 1014 gradiebantur,

139 1030 187 1095 ait
208 1033 360 1097 mustela:
392 1054 540 1111 osoror,
572 1032 648 1117 quid
672 1033 815 1118 agimus,
845 1055 941 1117 quare
972 1055 1027 1118 per
1056 1035 1140 1098 hunc
1170 1033 1287 1099 falsum

141 1157 262 1200 murem
285 1138 428 1203 volumus
449 1161 506 1204 nos
519 1139 694 1202 dilaniare?
719 1137 833 1203 Melius
849 1145 908 1216 est,
931 1143 967 1204 ut
983 1141 1087 1223 ipsum
1103 1143 1287 1215 mactemus,

141 1262 235 1323 quem
258 1241 296 1307 de
318 1246 421 1309 seculo
444 1267 501 1309 nos
525 1245 635 1310 delere.
682 1243 806 1309 Placuit
822 1267 924 1310 sermo
940 1245 1061 1311 cattulo
1084 1249 1115 1308 et
1137 1245 1184 1308 ita
1205 1244 1287 1308 fece-

140 1351 217 1411 runt
239 1347 395 1412 dicentes:
419 1349 641 1432 quidiscordia
664 1353 809 1426 utuntur,
830 1350 952 1433 justum
975 1355 1031 1424 est,
1055 1349 1082 1413 si
1098 1350 1286 1433 puniuntur.
1401 1389 1403 1394 ·

98 1477 125 1514 ιο
141 1450 192 1516 Ita
214 1452 337 1517 faciunt
368 1454 459 1518 multi
491 1455 668 1519 adulatores
697 1458 729 1518 et
754 1455 905 1519 malitiosi
927 1455 1012 1527 inter
1042 1453 1199 1538 principes
1230 1475 1286 1537 pa-

140 1577 207 1636 cem
234 1556 395 1636 habentes,
418 1564 547 1644 propter
570 1560 652 1644 quod
674 1560 806 1625 odibiles
829 1565 904 1625 sunt
929 1559 1003 1624 Deo.
1051 1559 1175 1624 Dicitur
1193 1557 1286 1622 Prov.

141 1659 219 1727 VI⁰:
241 1685 295 1728 sex
316 1669 391 1729 sunt
422 1687 491 1749 qum
520 1666 588 1730 odit
610 1666 695 1731 Deus
725 1670 758 1730 et
780 1667 949 1749 septimum
983 1665 1157 1728 detestatur
1179 1664 1287 1728 anima

140 1767 217 1851 ejus,
240 1769 346 1834 oculos
368 1771 534 1848 sublimes,
558 1771 699 1856 linguam
723 1772 920 1848 mendacem,
954 1792 1066 1834 manus
1089 1769 1286 1833 effundentes

140 1872 306 1937 innoxium
336 1877 539 1960 sanguinem,
580 1898 632 1940 cor
670 1876 849 1961 imaginans
884 1875 1091 1960 cogitationes
1124 1874 1285 1958 pessimas,

99 1999 126 2038 rs
141 1976 235 2063 pedes
252 1978 370 2044 veloces
386 1980 425 2043 ad
440 1981 627 2045 currendum
649 1981 684 2044 in
701 1981 831 2057 malum,
848 1985 881 2044 et
899 1979 1109 2063 proferentem
1124 1977 1287 2042 mendacia

141 2088 253 2148 testem
277 2084 419 2150 fallacem
444 2091 476 2150 et
498 2087 553 2170 qui
574 2086 708 2150 seminat
724 2087 806 2150 inter
821 2084 935 2149 fratres
952 2083 1148 2148 discordiam.
1196 2082 1287 2146 Unde

140 2188 256 2254 Eccles.
281 2189 458 2254 XXV1110:
485 2212 613 2254 susurro
636 2197 667 2254 et
695 2190 849 2275 bilinguis
872 2188 1056 2254 maledictus
1080 2192 1145 2265 est,
1169 2187 1286 2251 multos

141 2295 225 2359 euim
250 2295 390 2360 turbarit
413 2317 520 2378 pacem
545 2295 704 2361 habentes.
752 2295 888 2378 Antiqui
904 2295 987 2358 enim
1005 2291 1084 2357 tales
1101 2313 1286 2356 susurrones

141 2403 173 2462 et
194 2398 372 2465 adulatores
394 2422 458 2464 non
483 2400 668 2484 diligebant,
691 2401 745 2465 sed
768 2405 859 2464 erant
882 2401 914 2462 in
931 2400 970 2462 iis
992 2398 1229 2482 magnificentia
1251 2403 1284 2461 et

99 2525 126 2563 ao
141 2502 295 2568 fortitudo
329 2505 367 2568 ad
403 2505 611 2590 profitendum
647 2527 753 2569 verum
788 2505 819 2567 in
856 2502 1063 2568 sermonibus.
1121 2500 1166 2566 Ut
1200 2502 1285 2566 enim

141 2613 251 2672 narrat
273 2606 418 2674 Valerius
441 2609 510 2674 Lib.
536 2609 614 2687 VI⁰,
644 2611 736 2692 quod,
761 2609 907 2675 omnibus
930 2607 1135 2693 Syracusanis
1158 2629 1285 2691 exspec-

140 2713 283 2778 tantibus
306 2715 425 2779 exitum
449 2699 595 2798 Dyonisii
617 2715 746 2798 tyranni
763 2718 893 2798 propter
909 2714 1040 2776 nimiam
1056 2734 1178 2776 morum
1197 2733 1282 2776 acer·

139 2815 283 2896 bitatem,
306 2819 447 2902 quasdam
472 2820 584 2883 mulier
607 2819 728 2885 ultimae
750 2818 920 2884 senectutis
942 2819 1054 2882 orabat
1064 2816 1156 2894 Deos,
1180 2823 1215 2880 ut
1230 2817 1281 2880 in-

141 2919 272 2985 columis
294 2927 327 2986 et
347 2929 504 3008 superstes
528 2929 616 2989 esset.
666 2924 754 3002 Quod
786 2929 823 2988 ut
852 2923 983 3008 agnovit
1007 2922 1077 2997 ille,
1111 2921 1286 2986 indebitam

101 3049 127 3087 aa
140 3025 300 3090 admirans
329 3029 578 3092 benevolentiam
612 3030 736 3094 vocavit
766 3051 834 3092 eam
864 3027 1046 3111 inquirenS,
1078 3049 1141 3110 quo
1171 3025 1312 3090 merito·

140 3151 196 3194 suo
218 3132 249 3195 id
273 3131 400 3210 faceret,
423 3134 604 3218 respondit:
637 3134 693 3198 illa
724 3137 806 3198 certe
837 3138 885 3197 est
915 3133 976 3195 mei
1008 3131 1163 3215 propositi
1193 3131 1285 3207 ratio,

140 3259 210 3302 cum
227 3225 333 3302 'essem
365 3239 470 3319 puella
500 3243 533 3302 et
562 3238 708 3303 haberem
740 3259 868 3323 gravem
899 3242 1086 3328 tyrannum,
1119 3257 1156 3300 eo
1180 3257 1284 3300 carere

141 3343 319 3426 cupiebam,
344 3365 406 3427 quo
429 3343 597 3408 interfecte
619 3343 755 3407 deterior
779 3364 881 3407 arcem
904 3341 1086 3422 occupavit,
1117 3339 1205 3422 cujus
1228 3338 1283 3401 do·

140 3447 347 3514 minationem
368 3448 456 3512 finiri
477 3449 579 3533 magis
602 3449 830 3531 exspectabam,
856 3453 887 3508 te
910 3450 1015 3510 autern
1039 3465 1102 3508 non
1126 3443 1283 3526 pernicio·

100 3576 125 3612 so
139 3552 301 3616 siosiorem
324 3553 439 3618 habere
461 3554 604 3636 cupimus
627 3557 795 3628 rectorem
819 3552 916 3615 timeo
933 3553 1048 3634 itaque,
1072 3571 1121 3626 ne,
1146 3550 1171 3612 si
1184 3547 1282 3612 fueris

140 3656 312 3736 absumtos,
336 3658 472 3722 deterior
493 3659 526 3720 in
552 3658 655 3722 locum
678 3661 768 3722 tuum
791 3657 946 3730 succedat,
971 3675 1046 3739 ergo
1068 3654 1156 3717 oravi
1170 3675 1226 3734 pro
1241 3657 1283 3717 te.

140 3763 321 3828 Maluerunt
350 3764 445 3826 etiarn
476 3764 599 3846 antiqui
629 3761 810 3846 philosophi
845 3761 1010 3824 veritatem
1040 3759 1171 3823 dicendo
1205 3759 1284 3822 mori

140 3889 233 3953 quarn
258 3868 356 3933 tacita
379 3868 512 3932 veritate
534 3867 647 3931 vivere.
695 3866 785 3930 Unde
808 3867 845 3929 de
868 3864 1010 3949 Diogene
1032 3863 1168 3938 dicitur,
1201 3863 1284 3946 quod

140 3976 208 4038 erat
231 3995 453 4057 usquequaque
476 3973 627 4057 profitens
660 3993 777 4036 verum.
832 3970 878 4034 De
909 3991 970 4053 quo
1001 3968 1048 4032 ait
1079 3967 1225 4032 Valerius
1250 3967 1283 4030 L.

102 4100 127 4137 rs
142 4077 188 4142 IV
210 4101 277 4163 cap.
301 4079 361 4156 III,
385 4079 479 4163 quod,
500 4099 572 4142 cum
584 4078 682 4141 eidem
699 4075 818 4139 lavanti
836 4076 921 4138 olera
936 4074 1119 4156 Aristippus
1136 4073 1284 4137 dixisset:

141 4185 170 4248 si
193 4183 338 4248 Dionisio
360 4189 497 4269 tyranno
519 4183 638 4248 adulari
662 4181 774 4259 velles,
803 4180 864 4243 ista
888 4201 948 4242 non
973 4179 1088 4242 ederes.
1136 4177 1212 4256 lmo,
1236 4179 1286 4243 iu-

141 4288 212 4376 quit
233 4290 304 4367 ille,
336 4290 364 4353 si
393 4289 455 4352 ista
477 4309 560 4364 esse,
593 4287 625 4350 id
655 4291 703 4350 est
725 4285 830 4360 edere,
854 4284 966 4360 velles,
999 4282 1142 4347 Dionisio
1165 4283 1286 4348 adulari

9 4455 13 4464 .
142 4415 266 4460 necesse
289 4416 351 4458 non
375 4395 515 4460 haberes.
562 4393 677 4458 Maluit
708 4391 791 4455 enim
821 4390 960 4455 oleribus
990 4389 1094 4452 virere
1124 4393 1155 4452 et
1179 4410 1286 4453 verum

193 4515 353 4558 romiseans
1039 4497 1084 4558 18·
