3146 4962
242 451 367 514 mentes
378 446 544 510 hominum
555 446 642 510 omni
651 448 739 532 pejor
747 445 837 510 hoste
849 447 1033 531 corrumpit
1056 443 1288 533 Undelegitur,
1301 447 1401 530 quod,

247 575 318 618 cum
347 551 502 616 exercitus
533 551 707 617 Alexandri
734 552 857 617 devicto
879 550 978 616 Dario
1009 552 1121 636 spoliis
1153 553 1240 618 ultra
1268 551 1402 616 modum

247 659 368 724 ditatus
392 661 491 734 esset,
524 657 618 739 paulo
641 661 714 740 post
736 679 804 721 cunr
829 655 974 720 hostibus
996 657 1112 720 iterum
1135 677 1321 740 congressus
1344 655 1402 719 ds·

249 763 351 828 victus
373 765 430 826 est.
478 761 568 838 Quod
591 762 700 828 videns
722 760 904 827 Alexander
926 760 1028 844 spolia
1059 761 1182 840 omnia,
1213 783 1283 846 quse
1315 762 1403 827 servi

223 867 470 952 sanquisicrant,
491 868 587 951 jussit
609 869 752 933 comburi
775 867 902 932 dicens:
926 867 1077 949 quamdiu
1100 867 1171 932 sine
1192 868 1326 950 pecunia
1347 865 1403 931 fu-

249 975 354 1049 erunt,
377 993 444 1036 non
466 976 543 1051 erat,
568 973 623 1056 qui
647 973 686 1038 iis
709 973 881 1050 resisteret,
905 972 958 1036 sed
980 994 1058 1037 auro
1080 975 1112 1038 et
1134 976 1268 1057 argento
1291 972 1404 1037 onusti

250 1077 370 1142 desides
402 1081 434 1142 et
469 1078 555 1163 pigri
578 1078 680 1144 effecti
703 1082 788 1143 sunt.
834 1077 955 1154 Quibus
978 1079 1101 1143 amissis
1124 1078 1252 1144 fortiter
1273 1099 1402 1163 pugna·

250 1187 375 1261 verunt,
398 1183 482 1248 sicut
497 1187 599 1249 antea.
640 1182 691 1248 Ita
705 1182 825 1268 legitur
841 1185 879 1248 de
893 1183 1056 1260 Romanis,
1082 1184 1166 1268 quod
1182 1183 1258 1248 olim
1274 1205 1402 1268 pugna·
1441 1177 1454 1202 '

251 1288 345 1354 batur
368 1309 426 1372 pro
448 1289 552 1373 gloria
573 1289 774 1372 acquirenda,
798 1309 855 1371 pro
878 1287 1026 1353 libertate
1048 1289 1206 1372 sequenda
1228 1291 1261 1352 et
1275 1309 1333 1372 pro
1349 1309 1401 1352 re-

213 1426 237 1462 1⁰
252 1394 380 1479 publica
402 1393 631 1470 conservanda,
665 1393 718 1457 sed
740 1397 909 1477 postquam
932 1414 965 1457 se
987 1393 1026 1456 ad
1049 1393 1215 1460 avaritiam
1239 1396 1401 1458 converte-

251 1502 337 1578 runt,
361 1519 483 1584 semper
505 1499 582 1564 victi
605 1499 744 1564 fuerunt.

483 1671 537 1738 De
559 1675 679 1739 vario
702 1678 733 1738 et
756 1672 981 1757 squillato,
1005 1673 1078 1738 dial.
1105 1676 1175 1738 110.

340 1812 457 1879 Varius
480 1817 528 1877 est
549 1813 651 1878 bestia
673 1837 770 1898 parva
792 1815 888 1898 paulo
910 1814 1047 1898 amplior
1070 1835 1166 1896 quam
1182 1813 1327 1880 mustela.
1372 1814 1418 1879 Α,

254 1942 288 1984 re
311 1939 426 1983 nomen
449 1918 553 1983 habet.
599 1919 638 1984 In
663 1924 772 1985 ventre
794 1921 879 1986 enim
901 1920 1054 1985 candidus
1076 1920 1111 1984 in
1125 1919 1218 1984 dorso
1237 1919 1335 1984 habet
1349 1941 1401 1984 oo-

217 2056 242 2094 n
256 2026 356 2090 loram
380 2024 556 2102 cinereum,
579 2026 626 2090 ita
648 2025 844 2111 elegantem,
876 2029 913 2089 ut
935 2025 1059 2089 mireris
1082 2023 1217 2088 bestiam
1238 2045 1296 2088 sna
1316 2045 1403 2090 crea-

255 2131 343 2196 tione
365 2129 579 2213 spectabilem.
625 2129 673 2196 De
695 2152 810 2215 genere
833 2130 930 2215 piroli
953 2135 1018 2208 est,
1050 2130 1084 2194 in
1115 2129 1281 2194 arboribus
1312 2131 1403 2195 habi-

256 2239 307 2300 tat
328 2237 360 2298 et
382 2235 478 2299 fmtrrs
501 2234 587 2301 facit.
635 2236 757 2301 Harum
780 2236 954 2300 bestiarum
978 2235 1115 2318 pellibus
1140 2236 1173 2299 in
1197 2238 1311 2300 ornatu
1335 2257 1404 2299 vm-

257 2340 338 2404 tium
362 2345 395 2403 et
417 2341 552 2406 maxime
574 2342 608 2406 in
632 2342 738 2426 palliis
760 2341 892 2426 gloriari
907 2340 1010 2406 solent
1032 2340 1186 2418 homines,
1211 2340 1282 2424 ipsa
1297 2343 1404 2404 tamen

258 2445 359 2510 bestia
381 2446 414 2508 in
437 2445 519 2529 pelle
541 2448 670 2532 propria
692 2448 823 2512 minima
839 2447 1003 2532 gloriatur.
1049 2444 1165 2512 Varius
1180 2445 1256 2510 licet
1270 2444 1315 2508 sit
1330 2465 1405 2527 par-

219 2580 245 2617 eo
259 2571 334 2628 vus,
368 2554 498 2634 propter
522 2552 723 2618 nobilitatem
746 2552 839 2637 pellis
869 2573 933 2616 suae
963 2550 1082 2616 animal
1105 2548 1407 2615 excellentissimum

260 2657 315 2718 est.
361 2653 515 2720 Similiter
544 2662 593 2721 est
621 2657 802 2741 squillatus.
848 2655 892 2720 Hi
922 2655 984 2720 duo
1014 2655 1194 2721 societatem
1225 2657 1407 2718 statuerunt

260 2758 414 2822 dicentes:
439 2780 546 2824 sumus
568 2785 625 2828 nos
647 2762 810 2827 sublimati
833 2765 866 2827 et
887 2761 970 2844 apud
990 2783 1099 2825 omnes
1121 2760 1293 2844 appretiati
1309 2779 1406 2844 prop·

260 2867 310 2926 ter
339 2862 478 2927 valorem
507 2865 640 2948 pellium
668 2871 865 2942 nostrarum
895 2888 932 2930 ex
961 2887 1023 2949 quo
1056 2888 1163 2954 sumus
1194 2867 1241 2931 ita
1273 2863 1406 2938 nobiles,
1438 2893 1446 2916 ·

260 2989 486 3053 persequamur
511 2969 588 3034 viles
617 2976 649 3036 et
678 2971 848 3054 despectos.
894 2970 987 3035 Unde
1016 2971 1112 3036 simul
1135 2971 1326 3035 invenerunt
1347 2967 1407 3032 bu·

222 3101 248 3140 sa
261 3071 367 3136 ionem
392 3075 425 3136 et
447 3073 613 3138 molestare
636 3096 707 3138 eum
730 3079 902 3159 ooepemnt.
948 3071 1069 3149 Quibus
1092 3074 1184 3139 bufo:
1213 3073 1300 3139 Deus
1333 3073 1408 3137 feeit

263 3197 321 3241 nos
343 3180 375 3240 et
397 3198 461 3242 non
483 3178 546 3261 ipsi
568 3201 635 3258 nos,
658 3180 686 3244 si
697 3180 772 3244 estis
788 3201 843 3243 vos
859 3179 1064 3257 venustiores,
1081 3185 1254 3245 creatorem
1269 3182 1410 3244 restrum

262 3283 398 3350 budate.
445 3283 512 3369 Ipsi
546 3305 619 3350 vero
648 3286 828 3368 perturbati
861 3284 967 3350 oculos
990 3285 1056 3368 ejus
1079 3289 1230 3370 eruerunt
1251 3285 1409 3350 dicentes:

263 3389 359 3454 audes
382 3388 471 3472 loqui
494 3393 606 3456 eontra
627 3411 702 3469 nos,
728 3391 920 3474 deturpata?
942 3389 1020 3454 Post
1041 3390 1232 3454 invenerunt
1253 3384 1417 3454 bubonem

264 3494 375 3559 nidum
397 3494 430 3558 in
455 3495 566 3560 arbore
589 3496 777 3574 facientem,
801 3496 856 3580 qui
879 3498 952 3579 post
975 3496 1079 3579 ipsum
1101 3494 1268 3560 sibilantes
1291 3493 1412 3577 effuga-

226 3629 251 3666 so
266 3604 380 3664 verunt
402 3603 435 3663 et
457 3621 516 3666 ova
531 3601 597 3685 ejus
621 3604 653 3664 et
668 3600 777 3665 nidum
793 3599 1037 3684 dissipaverunt.
1084 3597 1174 3662 Bubo
1189 3602 1295 3662 autem
1310 3597 1413 3662 tristis

264 3705 404 3770 avolavit
427 3704 554 3770 dicens:
578 3705 659 3769 male
681 3705 810 3782 fecistis,
834 3703 969 3782 fratres,
996 3705 1072 3786 quia
1093 3723 1162 3768 sum
1186 3701 1246 3766 Dei
1268 3707 1414 3768 creatura

265 3811 348 3876 sient
369 3830 442 3888 ros,
471 3810 525 3874 sed
547 3810 628 3874 alius
651 3811 689 3875 de
712 3810 801 3875 vobis
824 3831 874 3874 me
896 3809 1080 3876 vindicabit.
1125 3807 1260 3872 Demum
1283 3807 1413 3871 invene-

266 3921 343 3981 rimt
365 3916 490 3981 simiam
514 3937 608 4000 super
630 3916 775 3980 arborem
793 3915 903 3999 jocari.
951 3914 1014 3991 Qui
1036 3913 1199 3984 dixerunt:
1230 3933 1327 3996 quare
1349 3932 1412 3976 non

266 4021 487 4086 verecundaris
511 4021 657 4085 omnibus
681 4021 827 4097 deterior,
851 4020 926 4103 quia
941 4019 1010 4082 sine
1023 4018 1121 4082 cauda
1137 4039 1169 4080 es
1194 4022 1225 4080 et
1240 4017 1415 4100 posteriora

228 4150 253 4188 ss
268 4126 359 4191 nobis
383 4126 545 4191 ostendis?
569 4126 668 4192 Simia
690 4131 795 4191 autern
818 4126 856 4190 de
873 4125 984 4190 arbore
999 4121 1161 4188 descendit
1184 4124 1217 4185 et
1231 4121 1317 4205 ipsos
1333 4120 1414 4184 evis-

268 4231 386 4295 ceravit
417 4232 540 4300 dicens:
572 4237 649 4296 sunt
679 4233 812 4296 curiales
843 4229 965 4296 nobiles
998 4233 1030 4293 et
1061 4228 1214 4294 derisores
1244 4225 1411 4312 ignobiles.

269 4335 355 4420 Ergo
377 4336 499 4400 nobiles
528 4328 573 4401 et'
589 4341 734 4420 potentes
762 4341 891 4421 propter
922 4355 1012 4400 suam
1043 4332 1313 4418 magnificentiam
1345 4352 1413 4394 rno-
