<?xml version="1.0" encoding="UTF-8"?>
<!DOCTYPE html PUBLIC "-//W3C//DTD XHTML 1.0 Transitional//EN"
    "http://www.w3.org/TR/xhtml1/DTD/xhtml1-transitional.dtd">
<html xmlns="http://www.w3.org/1999/xhtml" xml:lang="en" lang="en">
 <head>
  <title>
</title>
<meta http-equiv="Content-Type" content="text/html;charset=utf-8" />
  <meta name='ocr-system' content='tesseract 3.04.00' />
  <meta name='ocr-capabilities' content='ocr_page ocr_carea ocr_par ocr_line ocrx_word'/>
</head>
<body>
  <div class='ocr_page' id='page_1' title='image "./zweiredenankais02sleigoog/zweiredenankais02sleigoog_0786.png"; bbox 0 0 3172 4962; ppageno 0'>
   <div class='ocr_carea' id='block_1_1' title="bbox 714 343 775 409">
    <p class='ocr_par' dir='ltr' id='par_1_1' title="bbox 714 343 775 409">
     <span class='ocr_line' id='line_1_1' title="bbox 714 343 775 409; baseline -0.033 0"><span class='ocrx_word' id='word_1_1' title='bbox 714 343 775 409; x_wconf 80' lang='grc'>186</span> 
     </span>
    </p>
   </div>
   <div class='ocr_carea' id='block_1_2' title="bbox 73 513 1368 2595">
    <p class='ocr_par' dir='ltr' id='par_1_2' title="bbox 73 513 1368 2595">
     <span class='ocr_line' id='line_1_2' title="bbox 166 513 1315 601; baseline -0.001 -21"><span class='ocrx_word' id='word_1_2' title='bbox 166 519 310 601; x_wconf 77' lang='lat' dir='ltr'>spectum</span> <span class='ocrx_word' id='word_1_3' title='bbox 333 537 451 581; x_wconf 89' lang='lat' dir='ltr'>earum.</span> <span class='ocrx_word' id='word_1_4' title='bbox 497 513 653 600; x_wconf 73' lang='lat' dir='ltr'>(tupiebat</span> <span class='ocrx_word' id='word_1_5' title='bbox 686 515 771 582; x_wconf 85' lang='lat' dir='ltr'>enim</span> <span class='ocrx_word' id='word_1_6' title='bbox 795 515 907 595; x_wconf 89' lang='lat' dir='ltr'>redire,</span> <span class='ocrx_word' id='word_1_7' title='bbox 931 516 1074 581; x_wconf 87' lang='lat' dir='ltr'>nesciens</span> <span class='ocrx_word' id='word_1_8' title='bbox 1096 514 1172 600; x_wconf 91' lang='lat' dir='ltr'>quid</span> <span class='ocrx_word' id='word_1_9' title='bbox 1195 518 1315 601; x_wconf 80' lang='lat' dir='ltr'>ageret,</span> 
     </span>
     <span class='ocr_line' id='line_1_3' title="bbox 164 618 1315 705; baseline -0.003 -19"><span class='ocrx_word' id='word_1_10' title='bbox 164 625 297 705; x_wconf 87' lang='lat' dir='ltr'>propter</span> <span class='ocrx_word' id='word_1_11' title='bbox 318 621 456 686; x_wconf 81' lang='lat' dir='ltr'>furorem</span> <span class='ocrx_word' id='word_1_12' title='bbox 479 621 663 688; x_wconf 89' lang='lat' dir='ltr'>bestiarum.</span> <span class='ocrx_word' id='word_1_13' title='bbox 709 619 836 686; x_wconf 87' lang='lat' dir='ltr'>Interea</span> <span class='ocrx_word' id='word_1_14' title='bbox 855 622 985 700; x_wconf 82' lang='lat' dir='ltr'>selchus,</span> <span class='ocrx_word' id='word_1_15' title='bbox 1018 621 1100 705; x_wconf 90' lang='lat' dir='ltr'>quod</span> <span class='ocrx_word' id='word_1_16' title='bbox 1124 618 1244 685; x_wconf 88' lang='lat' dir='ltr'>animal</span> <span class='ocrx_word' id='word_1_17' title='bbox 1266 622 1315 683; x_wconf 87' lang='lat' dir='ltr'>est</span> 
     </span>
     <span class='ocr_line' id='line_1_4' title="bbox 165 723 1315 810; baseline -0.003 -20"><span class='ocrx_word' id='word_1_18' title='bbox 165 725 325 792; x_wconf 90' lang='lat' dir='ltr'>marinum</span> <span class='ocrx_word' id='word_1_19' title='bbox 356 725 475 791; x_wconf 87' lang='lat' dir='ltr'>vitulus</span> <span class='ocrx_word' id='word_1_20' title='bbox 504 725 701 810; x_wconf 88' lang='lat' dir='ltr'>appellatus,</span> <span class='ocrx_word' id='word_1_21' title='bbox 732 725 946 791; x_wconf 87' lang='lat' dir='ltr'>ferocissimus</span> <span class='ocrx_word' id='word_1_22' title='bbox 968 725 1096 791; x_wconf 88' lang='lat' dir='ltr'>intuens</span> <span class='ocrx_word' id='word_1_23' title='bbox 1120 746 1191 790; x_wconf 86' lang='lat' dir='ltr'>eum</span> <span class='ocrx_word' id='word_1_24' title='bbox 1215 723 1315 788; x_wconf 80' lang='lat' dir='ltr'><strong>dixit:</strong></span> 
     </span>
     <span class='ocr_line' id='line_1_5' title="bbox 166 829 1314 916; baseline -0.003 -20"><span class='ocrx_word' id='word_1_25' title='bbox 166 851 263 916; x_wconf 85' lang='lat' dir='ltr'>quaro</span> <span class='ocrx_word' id='word_1_26' title='bbox 286 852 349 895; x_wconf 92' lang='lat' dir='ltr'>non</span> <span class='ocrx_word' id='word_1_27' title='bbox 373 829 600 895; x_wconf 81' lang='lat' dir='ltr'><strong>verecundatus</strong></span> <span class='ocrx_word' id='word_1_28' title='bbox 626 851 659 895; x_wconf 88' lang='lat' dir='ltr'>es</span> <span class='ocrx_word' id='word_1_29' title='bbox 682 831 830 915; x_wconf 81' lang='lat' dir='ltr'>progredi</span> <span class='ocrx_word' id='word_1_30' title='bbox 853 831 938 896; x_wconf 88' lang='lat' dir='ltr'>inter</span> <span class='ocrx_word' id='word_1_31' title='bbox 961 851 1093 916; x_wconf 77' lang='lat' dir='ltr'>magnos</span> <span class='ocrx_word' id='word_1_32' title='bbox 1115 829 1184 894; x_wconf 90' lang='lat' dir='ltr'>sine</span> <span class='ocrx_word' id='word_1_33' title='bbox 1206 849 1314 894; x_wconf 91' lang='lat' dir='ltr'>eorum</span> 
     </span>
     <span class='ocr_line' id='line_1_6' title="bbox 137 934 1315 1020; baseline -0.003 -20"><span class='ocrx_word' id='word_1_34' title='bbox 137 935 317 1002; x_wconf 73' lang='lat' dir='ltr'>olioentia?</span> <span class='ocrx_word' id='word_1_35' title='bbox 340 939 424 1001; x_wconf 86' lang='lat' dir='ltr'>certe</span> <span class='ocrx_word' id='word_1_36' title='bbox 446 956 510 1000; x_wconf 89' lang='lat' dir='ltr'>non</span> <span class='ocrx_word' id='word_1_37' title='bbox 541 935 604 999; x_wconf 90' lang='lat' dir='ltr'>eris</span> <span class='ocrx_word' id='word_1_38' title='bbox 626 935 818 1020; x_wconf 89' lang='lat' dir='ltr'>impunitus!</span> <span class='ocrx_word' id='word_1_39' title='bbox 852 934 894 1000; x_wconf 78' lang='lat' dir='ltr'>Et</span> <span class='ocrx_word' id='word_1_40' title='bbox 916 935 976 1000; x_wconf 89' lang='lat' dir='ltr'>hoc</span> <span class='ocrx_word' id='word_1_41' title='bbox 998 935 1103 1000; x_wconf 87' lang='lat' dir='ltr'>dicens</span> <span class='ocrx_word' id='word_1_42' title='bbox 1126 955 1221 1018; x_wconf 83' lang='lat' dir='ltr'>super</span> <span class='ocrx_word' id='word_1_43' title='bbox 1243 954 1315 997; x_wconf 90' lang='lat' dir='ltr'>eum</span> 
     </span>
     <span class='ocr_line' id='line_1_7' title="bbox 166 1037 1315 1124; baseline 0 -20"><span class='ocrx_word' id='word_1_44' title='bbox 166 1039 330 1105; x_wconf 84' lang='lat' dir='ltr'>adscendit</span> <span class='ocrx_word' id='word_1_45' title='bbox 351 1043 384 1104; x_wconf 89' lang='lat' dir='ltr'>et</span> <span class='ocrx_word' id='word_1_46' title='bbox 406 1039 511 1123; x_wconf 88' lang='lat' dir='ltr'>ipsum</span> <span class='ocrx_word' id='word_1_47' title='bbox 533 1037 701 1104; x_wconf 84' lang='lat' dir='ltr'>suffocavit</span> <span class='ocrx_word' id='word_1_48' title='bbox 722 1038 844 1105; x_wconf 88' lang='lat' dir='ltr'>dicens:</span> <span class='ocrx_word' id='word_1_49' title='bbox 876 1060 984 1105; x_wconf 86' lang='lat' dir='ltr'>omnes</span> <span class='ocrx_word' id='word_1_50' title='bbox 1006 1061 1061 1124; x_wconf 90' lang='lat' dir='ltr'>per</span> <span class='ocrx_word' id='word_1_51' title='bbox 1085 1038 1169 1103; x_wconf 87' lang='lat' dir='ltr'>hunc</span> <span class='ocrx_word' id='word_1_52' title='bbox 1192 1060 1224 1103; x_wconf 86' lang='lat' dir='ltr'>se</span> <span class='ocrx_word' id='word_1_53' title='bbox 1247 1059 1315 1104; x_wconf 85' lang='lat' dir='ltr'>ces-</span> 
     </span>
     <span class='ocr_line' id='line_1_8' title="bbox 165 1143 1315 1230; baseline -0.003 -21"><span class='ocrx_word' id='word_1_54' title='bbox 165 1146 280 1230; x_wconf 84' lang='lat' dir='ltr'>tigent,</span> <span class='ocrx_word' id='word_1_55' title='bbox 303 1165 343 1209; x_wconf 88' lang='lat' dir='ltr'>ne</span> <span class='ocrx_word' id='word_1_56' title='bbox 359 1143 462 1210; x_wconf 86' lang='lat' dir='ltr'>levare</span> <span class='ocrx_word' id='word_1_57' title='bbox 477 1166 509 1208; x_wconf 86' lang='lat' dir='ltr'>se</span> <span class='ocrx_word' id='word_1_58' title='bbox 524 1146 684 1229; x_wconf 83' lang='lat' dir='ltr'>satagant.</span> <span class='ocrx_word' id='word_1_59' title='bbox 730 1143 816 1229; x_wconf 84' lang='lat' dir='ltr'>Ergo</span> <span class='ocrx_word' id='word_1_60' title='bbox 831 1166 902 1210; x_wconf 88' lang='lat' dir='ltr'>curn</span> <span class='ocrx_word' id='word_1_61' title='bbox 915 1143 1031 1228; x_wconf 87' lang='lat' dir='ltr'>aliquis</span> <span class='ocrx_word' id='word_1_62' title='bbox 1054 1148 1102 1208; x_wconf 86' lang='lat' dir='ltr'>est</span> <span class='ocrx_word' id='word_1_63' title='bbox 1124 1143 1159 1208; x_wconf 91' lang='lat' dir='ltr'>in</span> <span class='ocrx_word' id='word_1_64' title='bbox 1181 1144 1250 1208; x_wconf 92' lang='lat' dir='ltr'>loco</span> <span class='ocrx_word' id='word_1_65' title='bbox 1265 1163 1315 1206; x_wconf 88' lang='lat' dir='ltr'>sa-</span> 
     </span>
     <span class='ocr_line' id='line_1_9' title="bbox 164 1247 1315 1334; baseline -0.003 -20"><span class='ocrx_word' id='word_1_66' title='bbox 164 1250 207 1315; x_wconf 91' lang='lat' dir='ltr'>tis</span> <span class='ocrx_word' id='word_1_67' title='bbox 230 1249 402 1314; x_wconf 90' lang='lat' dir='ltr'>honoratus</span> <span class='ocrx_word' id='word_1_68' title='bbox 424 1252 456 1313; x_wconf 88' lang='lat' dir='ltr'>et</span> <span class='ocrx_word' id='word_1_69' title='bbox 478 1269 629 1334; x_wconf 78' lang='lat' dir='ltr'>magnus,</span> <span class='ocrx_word' id='word_1_70' title='bbox 662 1270 725 1313; x_wconf 92' lang='lat' dir='ltr'>non</span> <span class='ocrx_word' id='word_1_71' title='bbox 749 1250 875 1315; x_wconf 89' lang='lat' dir='ltr'>studeat</span> <span class='ocrx_word' id='word_1_72' title='bbox 897 1271 1052 1334; x_wconf 87' lang='lat' dir='ltr'>apparare</span> <span class='ocrx_word' id='word_1_73' title='bbox 1074 1249 1158 1314; x_wconf 80' lang='lat' dir='ltr'>inter</span> <span class='ocrx_word' id='word_1_74' title='bbox 1182 1247 1315 1331; x_wconf 87' lang='lat' dir='ltr'>majores</span> 
     </span>
     <span class='ocr_line' id='line_1_10' title="bbox 164 1351 1314 1439; baseline -0.001 -21"><span class='ocrx_word' id='word_1_75' title='bbox 164 1358 198 1419; x_wconf 92' lang='lat' dir='ltr'>et</span> <span class='ocrx_word' id='word_1_76' title='bbox 219 1355 413 1439; x_wconf 88' lang='lat' dir='ltr'>potentiores</span> <span class='ocrx_word' id='word_1_77' title='bbox 434 1375 494 1419; x_wconf 90' lang='lat' dir='ltr'>neo</span> <span class='ocrx_word' id='word_1_78' title='bbox 515 1375 549 1419; x_wconf 87' lang='lat' dir='ltr'>se</span> <span class='ocrx_word' id='word_1_79' title='bbox 571 1375 643 1419; x_wconf 91' lang='lat' dir='ltr'>cum</span> <span class='ocrx_word' id='word_1_80' title='bbox 665 1354 744 1439; x_wconf 85' lang='lat' dir='ltr'>ipsis</span> <span class='ocrx_word' id='word_1_81' title='bbox 767 1356 887 1420; x_wconf 87' lang='lat' dir='ltr'>sociare</span> <span class='ocrx_word' id='word_1_82' title='bbox 909 1357 1053 1433; x_wconf 77' lang='lat' dir='ltr'>studeat,</span> <span class='ocrx_word' id='word_1_83' title='bbox 1077 1354 1166 1439; x_wconf 89' lang='lat' dir='ltr'>quia,</span> <span class='ocrx_word' id='word_1_84' title='bbox 1190 1353 1236 1418; x_wconf 88' lang='lat' dir='ltr'>ait</span> <span class='ocrx_word' id='word_1_85' title='bbox 1257 1351 1314 1418; x_wconf 83' lang='lat' dir='ltr'>Sa·</span> 
     </span>
     <span class='ocr_line' id='line_1_11' title="bbox 123 1443 1314 1546; baseline -0.002 -21"><span class='ocrx_word' id='word_1_86' title='bbox 123 1443 150 1514; x_wconf 81' lang='lat' dir='ltr'>io</span> <span class='ocrx_word' id='word_1_87' title='bbox 164 1481 259 1538; x_wconf 87' lang='lat' dir='ltr'>neca,</span> <span class='ocrx_word' id='word_1_88' title='bbox 283 1483 349 1526; x_wconf 87' lang='lat' dir='ltr'>non</span> <span class='ocrx_word' id='word_1_89' title='bbox 371 1463 476 1544; x_wconf 88' lang='lat' dir='ltr'>potest</span> <span class='ocrx_word' id='word_1_90' title='bbox 498 1481 596 1544; x_wconf 85' lang='lat' dir='ltr'>parva</span> <span class='ocrx_word' id='word_1_91' title='bbox 617 1481 666 1524; x_wconf 88' lang='lat' dir='ltr'>res</span> <span class='ocrx_word' id='word_1_92' title='bbox 688 1481 760 1526; x_wconf 91' lang='lat' dir='ltr'>cum</span> <span class='ocrx_word' id='word_1_93' title='bbox 783 1482 900 1546; x_wconf 79' lang='lat' dir='ltr'>magna</span> <span class='ocrx_word' id='word_1_94' title='bbox 922 1465 1022 1538; x_wconf 71' lang='lat' dir='ltr'>stare:</span> <span class='ocrx_word' id='word_1_95' title='bbox 1052 1458 1314 1546; x_wconf 76' lang='lat' dir='ltr'>gubernaculum,</span> 
     </span>
     <span class='ocr_line' id='line_1_12' title="bbox 165 1563 1313 1652; baseline -0.002 -23"><span class='ocrx_word' id='word_1_96' title='bbox 165 1565 249 1649; x_wconf 91' lang='lat' dir='ltr'>quod</span> <span class='ocrx_word' id='word_1_97' title='bbox 271 1564 363 1631; x_wconf 85' lang='lat' dir='ltr'>altori</span> <span class='ocrx_word' id='word_1_98' title='bbox 387 1565 460 1630; x_wconf 84' lang='lat' dir='ltr'>navi</span> <span class='ocrx_word' id='word_1_99' title='bbox 483 1585 635 1650; x_wconf 84' lang='lat' dir='ltr'>magnum</span> <span class='ocrx_word' id='word_1_100' title='bbox 658 1569 715 1643; x_wconf 84' lang='lat' dir='ltr'>est,</span> <span class='ocrx_word' id='word_1_101' title='bbox 739 1565 991 1652; x_wconf 81' lang='lat' dir='ltr'>alteriexiguum</span> <span class='ocrx_word' id='word_1_102' title='bbox 1015 1567 1072 1630; x_wconf 81' lang='lat' dir='ltr'>est</span> <span class='ocrx_word' id='word_1_103' title='bbox 1119 1563 1239 1630; x_wconf 87' lang='lat' dir='ltr'>Fabula</span> <span class='ocrx_word' id='word_1_104' title='bbox 1254 1565 1313 1642; x_wconf 89' lang='lat' dir='ltr'>est,</span> 
     </span>
     <span class='ocr_line' id='line_1_13' title="bbox 73 1657 1316 1756; baseline -0.002 -22"><span class='ocrx_word' id='word_1_105' title='bbox 73 1657 84 1688; x_wconf 76' lang='lat'>⁸</span> <span class='ocrx_word' id='word_1_106' title='bbox 165 1670 247 1753; x_wconf 91' lang='lat' dir='ltr'>quod</span> <span class='ocrx_word' id='word_1_107' title='bbox 271 1690 342 1734; x_wconf 88' lang='lat' dir='ltr'>eum</span> <span class='ocrx_word' id='word_1_108' title='bbox 366 1691 444 1734; x_wconf 87' lang='lat' dir='ltr'>rana</span> <span class='ocrx_word' id='word_1_109' title='bbox 466 1669 587 1734; x_wconf 86' lang='lat' dir='ltr'>videret</span> <span class='ocrx_word' id='word_1_110' title='bbox 610 1670 720 1734; x_wconf 83' lang='lat' dir='ltr'>bovem</span> <span class='ocrx_word' id='word_1_111' title='bbox 743 1690 896 1755; x_wconf 82' lang='lat' dir='ltr'>magnum</span> <span class='ocrx_word' id='word_1_112' title='bbox 925 1674 958 1735; x_wconf 93' lang='lat' dir='ltr'>et</span> <span class='ocrx_word' id='word_1_113' title='bbox 987 1671 1138 1756; x_wconf 81' lang='lat' dir='ltr'>pinguem</span> <span class='ocrx_word' id='word_1_114' title='bbox 1157 1670 1316 1754; x_wconf 85' lang='lat' dir='ltr'>jacentem</span> 
     </span>
     <span class='ocr_line' id='line_1_14' title="bbox 165 1773 1314 1862; baseline 0.001 -25"><span class='ocrx_word' id='word_1_115' title='bbox 165 1775 198 1838; x_wconf 91' lang='lat' dir='ltr'>iu</span> <span class='ocrx_word' id='word_1_116' title='bbox 221 1775 355 1859; x_wconf 78' lang='lat' dir='ltr'>pascuis,</span> <span class='ocrx_word' id='word_1_117' title='bbox 379 1774 569 1840; x_wconf 80' lang='lat' dir='ltr'>desiderarit</span> <span class='ocrx_word' id='word_1_118' title='bbox 591 1774 660 1838; x_wconf 90' lang='lat' dir='ltr'>fieri</span> <span class='ocrx_word' id='word_1_119' title='bbox 684 1795 801 1859; x_wconf 81' lang='lat' dir='ltr'>magna</span> <span class='ocrx_word' id='word_1_120' title='bbox 822 1778 860 1839; x_wconf 87' lang='lat' dir='ltr'>ut</span> <span class='ocrx_word' id='word_1_121' title='bbox 881 1776 957 1859; x_wconf 90' lang='lat' dir='ltr'>ipse.</span> <span class='ocrx_word' id='word_1_122' title='bbox 1004 1774 1096 1862; x_wconf 75' lang='lat' dir='ltr'>Unde</span> <span class='ocrx_word' id='word_1_123' title='bbox 1127 1773 1252 1840; x_wconf 88' lang='lat' dir='ltr'>inflavit</span> <span class='ocrx_word' id='word_1_124' title='bbox 1281 1793 1314 1838; x_wconf 89' lang='lat' dir='ltr'>se</span> 
     </span>
     <span class='ocr_line' id='line_1_15' title="bbox 165 1878 1314 1966; baseline -0.001 -22"><span class='ocrx_word' id='word_1_125' title='bbox 165 1879 308 1964; x_wconf 81' lang='lat' dir='ltr'>dixitque</span> <span class='ocrx_word' id='word_1_126' title='bbox 340 1879 416 1944; x_wconf 85' lang='lat' dir='ltr'>filiis</span> <span class='ocrx_word' id='word_1_127' title='bbox 450 1880 535 1944; x_wconf 82' lang='lat' dir='ltr'>suis:</span> <span class='ocrx_word' id='word_1_128' title='bbox 570 1900 681 1944; x_wconf 85' lang='lat' dir='ltr'>sumna</span> <span class='ocrx_word' id='word_1_129' title='bbox 712 1901 770 1965; x_wconf 80' lang='lat' dir='ltr'>ego</span> <span class='ocrx_word' id='word_1_130' title='bbox 807 1902 924 1966; x_wconf 84' lang='lat' dir='ltr'>magna</span> <span class='ocrx_word' id='word_1_131' title='bbox 951 1884 989 1945; x_wconf 91' lang='lat' dir='ltr'>ut</span> <span class='ocrx_word' id='word_1_132' title='bbox 1016 1880 1094 1944; x_wconf 78' lang='lat' dir='ltr'>bos?</span> <span class='ocrx_word' id='word_1_133' title='bbox 1125 1878 1179 1944; x_wconf 92' lang='lat' dir='ltr'>Illi</span> <span class='ocrx_word' id='word_1_134' title='bbox 1208 1881 1314 1944; x_wconf 88' lang='lat' dir='ltr'>autom</span> 
     </span>
     <span class='ocr_line' id='line_1_16' title="bbox 122 1982 1315 2070; baseline -0.003 -19"><span class='ocrx_word' id='word_1_135' title='bbox 122 2013 150 2052; x_wconf 67' lang='grc' dir='ltr'>ιι</span> <span class='ocrx_word' id='word_1_136' title='bbox 164 1984 331 2050; x_wconf 85' lang='lat' dir='ltr'>dixerunt:</span> <span class='ocrx_word' id='word_1_137' title='bbox 363 2006 437 2050; x_wconf 90' lang='lat' dir='ltr'>non.</span> <span class='ocrx_word' id='word_1_138' title='bbox 483 1983 575 2049; x_wconf 85' lang='lat' dir='ltr'>Rana</span> <span class='ocrx_word' id='word_1_139' title='bbox 604 2005 677 2049; x_wconf 85' lang='lat' dir='ltr'>vero</span> <span class='ocrx_word' id='word_1_140' title='bbox 705 1985 808 2070; x_wconf 78' lang='lat' dir='ltr'>magis</span> <span class='ocrx_word' id='word_1_141' title='bbox 837 2006 869 2050; x_wconf 88' lang='lat' dir='ltr'>se</span> <span class='ocrx_word' id='word_1_142' title='bbox 891 1985 963 2068; x_wconf 88' lang='lat' dir='ltr'>plus</span> <span class='ocrx_word' id='word_1_143' title='bbox 985 1984 1126 2062; x_wconf 81' lang='lat' dir='ltr'>inflavit,</span> <span class='ocrx_word' id='word_1_144' title='bbox 1155 1982 1315 2058; x_wconf 67' lang='lat' dir='ltr'>ut,fieret</span> 
     </span>
     <span class='ocr_line' id='line_1_17' title="bbox 165 2086 1314 2175; baseline -0.001 -21"><span class='ocrx_word' id='word_1_145' title='bbox 165 2111 282 2175; x_wconf 82' lang='lat' dir='ltr'>magna</span> <span class='ocrx_word' id='word_1_146' title='bbox 304 2093 341 2155; x_wconf 90' lang='lat' dir='ltr'>ut</span> <span class='ocrx_word' id='word_1_147' title='bbox 363 2090 429 2156; x_wconf 90' lang='lat' dir='ltr'>bos.</span> <span class='ocrx_word' id='word_1_148' title='bbox 477 2088 518 2154; x_wconf 82' lang='lat' dir='ltr'>Et</span> <span class='ocrx_word' id='word_1_149' title='bbox 539 2088 643 2154; x_wconf 83' lang='lat' dir='ltr'>fracta</span> <span class='ocrx_word' id='word_1_150' title='bbox 666 2092 715 2154; x_wconf 84' lang='lat' dir='ltr'>est</span> <span class='ocrx_word' id='word_1_151' title='bbox 737 2087 830 2174; x_wconf 85' lang='lat' dir='ltr'>pellis</span> <span class='ocrx_word' id='word_1_152' title='bbox 852 2090 919 2172; x_wconf 87' lang='lat' dir='ltr'>ejus</span> <span class='ocrx_word' id='word_1_153' title='bbox 941 2093 974 2154; x_wconf 89' lang='lat' dir='ltr'>et</span> <span class='ocrx_word' id='word_1_154' title='bbox 996 2088 1176 2173; x_wconf 72' lang='lat' dir='ltr'>exspiravit.</span> <span class='ocrx_word' id='word_1_155' title='bbox 1221 2086 1314 2153; x_wconf 88' lang='lat' dir='ltr'>Unde</span> 
     </span>
     <span class='ocr_line' id='line_1_18' title="bbox 164 2192 1312 2280; baseline -0.001 -22"><span class='ocrx_word' id='word_1_156' title='bbox 164 2194 271 2260; x_wconf 89' lang='lat' dir='ltr'>nullus</span> <span class='ocrx_word' id='word_1_157' title='bbox 294 2193 437 2278; x_wconf 83' lang='lat' dir='ltr'>exemplo</span> <span class='ocrx_word' id='word_1_158' title='bbox 459 2215 544 2259; x_wconf 85' lang='lat' dir='ltr'>ranae</span> <span class='ocrx_word' id='word_1_159' title='bbox 572 2214 604 2256; x_wconf 88' lang='lat' dir='ltr'>se</span> <span class='ocrx_word' id='word_1_160' title='bbox 625 2193 730 2280; x_wconf 83' lang='lat' dir='ltr'>erigat</span> <span class='ocrx_word' id='word_1_161' title='bbox 752 2193 824 2279; x_wconf 90' lang='lat' dir='ltr'>plus</span> <span class='ocrx_word' id='word_1_162' title='bbox 846 2214 941 2276; x_wconf 87' lang='lat' dir='ltr'>quam</span> <span class='ocrx_word' id='word_1_163' title='bbox 963 2193 1079 2271; x_wconf 88' lang='lat' dir='ltr'>deceat,</span> <span class='ocrx_word' id='word_1_164' title='bbox 1102 2213 1143 2258; x_wconf 90' lang='lat' dir='ltr'>ne</span> <span class='ocrx_word' id='word_1_165' title='bbox 1164 2192 1312 2258; x_wconf 89' lang='lat' dir='ltr'>similiter</span> 
     </span>
     <span class='ocr_line' id='line_1_19' title="bbox 164 2283 1368 2384; baseline -0.002 -20"><span class='ocrx_word' id='word_1_166' title='bbox 164 2304 281 2383; x_wconf 89' lang='lat' dir='ltr'>pereat.</span> <span class='ocrx_word' id='word_1_167' title='bbox 328 2299 411 2376; x_wconf 81' lang='lat' dir='ltr'>Quia</span> <span class='ocrx_word' id='word_1_168' title='bbox 432 2297 510 2363; x_wconf 89' lang='lat' dir='ltr'>dicit</span> <span class='ocrx_word' id='word_1_169' title='bbox 531 2297 685 2362; x_wconf 86' lang='lat' dir='ltr'>Isidorus:</span> <span class='ocrx_word' id='word_1_170' title='bbox 717 2299 822 2364; x_wconf 89' lang='lat' dir='ltr'>omnis</span> <span class='ocrx_word' id='word_1_171' title='bbox 856 2299 1006 2384; x_wconf 88' lang='lat' dir='ltr'>superbia</span> <span class='ocrx_word' id='word_1_172' title='bbox 1035 2301 1161 2364; x_wconf 89' lang='lat' dir='ltr'>tantum</span> <span class='ocrx_word' id='word_1_173' title='bbox 1191 2298 1314 2363; x_wconf 91' lang='lat' dir='ltr'>inimo</span> <span class='ocrx_word' id='word_1_174' title='bbox 1360 2283 1368 2304; x_wconf 77' lang='lat'>&#39;</span> 
     </span>
     <span class='ocr_line' id='line_1_20' title="bbox 159 2401 1312 2490; baseline -0.002 -22"><span class='ocrx_word' id='word_1_175' title='bbox 159 2405 261 2490; x_wconf 87' lang='lat' dir='ltr'>jacet,</span> <span class='ocrx_word' id='word_1_176' title='bbox 289 2407 443 2488; x_wconf 87' lang='lat' dir='ltr'>quantum</span> <span class='ocrx_word' id='word_1_177' title='bbox 465 2424 498 2467; x_wconf 89' lang='lat' dir='ltr'>se</span> <span class='ocrx_word' id='word_1_178' title='bbox 521 2403 618 2488; x_wconf 81' lang='lat' dir='ltr'>erigit</span> <span class='ocrx_word' id='word_1_179' title='bbox 644 2402 811 2468; x_wconf 83' lang='lat' dir='ltr'>inultum.</span> <span class='ocrx_word' id='word_1_180' title='bbox 857 2401 942 2469; x_wconf 87' lang='lat' dir='ltr'>Nam</span> <span class='ocrx_word' id='word_1_181' title='bbox 972 2406 1102 2487; x_wconf 86' lang='lat' dir='ltr'>proptor</span> <span class='ocrx_word' id='word_1_182' title='bbox 1131 2402 1312 2487; x_wconf 77' lang='lat' dir='ltr'>superbiam</span> 
     </span>
     <span class='ocr_line' id='line_1_21' title="bbox 122 2507 1312 2595; baseline -0.002 -20"><span class='ocrx_word' id='word_1_183' title='bbox 122 2539 150 2576; x_wconf 82' lang='lat' dir='ltr'>se</span> <span class='ocrx_word' id='word_1_184' title='bbox 164 2510 296 2595; x_wconf 80' lang='lat' dir='ltr'>angelus</span> <span class='ocrx_word' id='word_1_185' title='bbox 318 2508 421 2574; x_wconf 85' lang='lat' dir='ltr'>factus</span> <span class='ocrx_word' id='word_1_186' title='bbox 445 2512 493 2573; x_wconf 86' lang='lat' dir='ltr'>est</span> <span class='ocrx_word' id='word_1_187' title='bbox 516 2507 675 2586; x_wconf 85' lang='lat' dir='ltr'>diabolus,</span> <span class='ocrx_word' id='word_1_188' title='bbox 706 2530 762 2572; x_wconf 86' lang='lat' dir='ltr'>rex</span> <span class='ocrx_word' id='word_1_189' title='bbox 789 2513 894 2574; x_wconf 88' lang='lat' dir='ltr'>autem</span> <span class='ocrx_word' id='word_1_190' title='bbox 917 2508 1030 2575; x_wconf 86' lang='lat' dir='ltr'>Saulus</span> <span class='ocrx_word' id='word_1_191' title='bbox 1053 2509 1156 2574; x_wconf 82' lang='lat' dir='ltr'>factus</span> <span class='ocrx_word' id='word_1_192' title='bbox 1179 2512 1227 2573; x_wconf 87' lang='lat' dir='ltr'>est</span> <span class='ocrx_word' id='word_1_193' title='bbox 1249 2507 1312 2573; x_wconf 77' lang='lat' dir='ltr'>dae·</span> 
     </span>
    </p>
   </div>
   <div class='ocr_carea' id='block_1_3' title="bbox 163 2611 1312 2783">
    <p class='ocr_par' dir='ltr' id='par_1_3' title="bbox 163 2611 1312 2783">
     <span class='ocr_line' id='line_1_22' title="bbox 164 2611 1312 2701; baseline -0.001 -23"><span class='ocrx_word' id='word_1_194' title='bbox 164 2615 335 2692; x_wconf 87' lang='lat' dir='ltr'>moniacus,</span> <span class='ocrx_word' id='word_1_195' title='bbox 358 2613 452 2678; x_wconf 89' lang='lat' dir='ltr'>homo</span> <span class='ocrx_word' id='word_1_196' title='bbox 478 2633 562 2690; x_wconf 85' lang='lat' dir='ltr'>vero,</span> <span class='ocrx_word' id='word_1_197' title='bbox 587 2613 618 2677; x_wconf 93' lang='lat' dir='ltr'>id</span> <span class='ocrx_word' id='word_1_198' title='bbox 643 2617 691 2678; x_wconf 88' lang='lat' dir='ltr'>est</span> <span class='ocrx_word' id='word_1_199' title='bbox 712 2611 995 2701; x_wconf 81' lang='lat' dir='ltr'>Nabogodonosor,</span> <span class='ocrx_word' id='word_1_200' title='bbox 1020 2614 1122 2679; x_wconf 90' lang='lat' dir='ltr'>factus</span> <span class='ocrx_word' id='word_1_201' title='bbox 1145 2617 1194 2678; x_wconf 89' lang='lat' dir='ltr'>est</span> <span class='ocrx_word' id='word_1_202' title='bbox 1221 2612 1312 2698; x_wconf 87' lang='lat' dir='ltr'>quasi</span> 
     </span>
     <span class='ocr_line' id='line_1_23' title="bbox 163 2716 292 2783; baseline 0.016 -2"><span class='ocrx_word' id='word_1_203' title='bbox 163 2716 292 2783; x_wconf 78' lang='lat' dir='ltr'>vitulus.</span> 
     </span>
    </p>
   </div>
   <div class='ocr_carea' id='block_1_4' title="bbox 331 2890 1144 2977">
    <p class='ocr_par' dir='ltr' id='par_1_4' title="bbox 331 2890 1144 2977">
     <span class='ocr_line' id='line_1_24' title="bbox 331 2890 1144 2977; baseline 0.006 -22"><span class='ocrx_word' id='word_1_204' title='bbox 331 2890 384 2956; x_wconf 89' lang='lat' dir='ltr'>De</span> <span class='ocrx_word' id='word_1_205' title='bbox 407 2891 627 2956; x_wconf 86' lang='lat' dir='ltr'>murenula</span> <span class='ocrx_word' id='word_1_206' title='bbox 649 2895 690 2956; x_wconf 90' lang='lat' dir='ltr'>et</span> <span class='ocrx_word' id='word_1_207' title='bbox 712 2893 972 2977; x_wconf 87' lang='lat' dir='ltr'>cocodrillo,</span> <span class='ocrx_word' id='word_1_208' title='bbox 996 2895 1069 2960; x_wconf 89' lang='lat' dir='ltr'>dial.</span> <span class='ocrx_word' id='word_1_209' title='bbox 1092 2900 1144 2962; x_wconf 80' lang='lat'>43.</span> 
     </span>
    </p>
   </div>
   <div class='ocr_carea' id='block_1_5' title="bbox 123 3031 1310 4379">
    <p class='ocr_par' dir='ltr' id='par_1_5' title="bbox 250 3031 1308 3123">
     <span class='ocr_line' id='line_1_25' title="bbox 250 3031 1308 3123; baseline 0.002 -27"><span class='ocrx_word' id='word_1_210' title='bbox 250 3031 427 3112; x_wconf 88' lang='lat' dir='ltr'>Murenula,</span> <span class='ocrx_word' id='word_1_211' title='bbox 450 3031 528 3098; x_wconf 86' lang='lat' dir='ltr'>dicit</span> <span class='ocrx_word' id='word_1_212' title='bbox 550 3031 652 3111; x_wconf 90' lang='lat' dir='ltr'>Brito,</span> <span class='ocrx_word' id='word_1_213' title='bbox 677 3032 772 3116; x_wconf 88' lang='lat' dir='ltr'>piscis</span> <span class='ocrx_word' id='word_1_214' title='bbox 795 3036 843 3098; x_wconf 89' lang='lat' dir='ltr'>est</span> <span class='ocrx_word' id='word_1_215' title='bbox 866 3034 995 3118; x_wconf 88' lang='lat' dir='ltr'>quidam</span> <span class='ocrx_word' id='word_1_216' title='bbox 1017 3034 1131 3100; x_wconf 88' lang='lat' dir='ltr'>similis</span> <span class='ocrx_word' id='word_1_217' title='bbox 1146 3033 1308 3123; x_wconf 72' lang='lat' dir='ltr'>anguilla.</span> 
     </span>
    </p>

    <p class='ocr_par' dir='ltr' id='par_1_6' title="bbox 123 3135 1310 4379">
     <span class='ocr_line' id='line_1_26' title="bbox 123 3135 1309 3223; baseline -0.002 -18"><span class='ocrx_word' id='word_1_218' title='bbox 123 3168 149 3206; x_wconf 76' lang='lat' dir='ltr'>re</span> <span class='ocrx_word' id='word_1_219' title='bbox 163 3135 240 3202; x_wconf 80' lang='lat' dir='ltr'>Haec</span> <span class='ocrx_word' id='word_1_220' title='bbox 263 3157 334 3201; x_wconf 91' lang='lat' dir='ltr'>eum</span> <span class='ocrx_word' id='word_1_221' title='bbox 356 3135 513 3202; x_wconf 90' lang='lat' dir='ltr'>inveniret</span> <span class='ocrx_word' id='word_1_222' title='bbox 535 3136 618 3202; x_wconf 86' lang='lat' dir='ltr'>filios</span> <span class='ocrx_word' id='word_1_223' title='bbox 641 3136 812 3217; x_wconf 88' lang='lat' dir='ltr'>cocodrilli,</span> <span class='ocrx_word' id='word_1_224' title='bbox 836 3139 891 3223; x_wconf 91' lang='lat' dir='ltr'>qui</span> <span class='ocrx_word' id='word_1_225' title='bbox 914 3144 962 3205; x_wconf 89' lang='lat' dir='ltr'>est</span> <span class='ocrx_word' id='word_1_226' title='bbox 984 3139 1086 3205; x_wconf 90' lang='lat' dir='ltr'>bestia</span> <span class='ocrx_word' id='word_1_227' title='bbox 1107 3139 1243 3205; x_wconf 83' lang='lat' dir='ltr'>fluvialis</span> <span class='ocrx_word' id='word_1_228' title='bbox 1265 3139 1309 3204; x_wconf 89' lang='lat' dir='ltr'>si-</span> 
     </span>
     <span class='ocr_line' id='line_1_27' title="bbox 162 3241 1310 3327; baseline 0.002 -21"><span class='ocrx_word' id='word_1_229' title='bbox 162 3241 246 3306; x_wconf 90' lang='lat' dir='ltr'>milis</span> <span class='ocrx_word' id='word_1_230' title='bbox 264 3241 397 3319; x_wconf 85' lang='lat' dir='ltr'>lacertoe,</span> <span class='ocrx_word' id='word_1_231' title='bbox 421 3263 473 3306; x_wconf 91' lang='lat' dir='ltr'>eos</span> <span class='ocrx_word' id='word_1_232' title='bbox 485 3241 646 3327; x_wconf 81' lang='lat' dir='ltr'>jugulavit</span> <span class='ocrx_word' id='word_1_233' title='bbox 665 3245 697 3306; x_wconf 89' lang='lat' dir='ltr'>et</span> <span class='ocrx_word' id='word_1_234' title='bbox 712 3241 800 3307; x_wconf 88' lang='lat' dir='ltr'>abiit.</span> <span class='ocrx_word' id='word_1_235' title='bbox 840 3241 1033 3309; x_wconf 86' lang='lat' dir='ltr'>Oooodrillus</span> <span class='ocrx_word' id='word_1_236' title='bbox 1048 3247 1153 3310; x_wconf 88' lang='lat' dir='ltr'>autem</span> <span class='ocrx_word' id='word_1_237' title='bbox 1170 3244 1245 3310; x_wconf 90' lang='lat' dir='ltr'>dum</span> <span class='ocrx_word' id='word_1_238' title='bbox 1261 3265 1310 3308; x_wconf 91' lang='lat' dir='ltr'>re·</span> 
     </span>
     <span class='ocr_line' id='line_1_28' title="bbox 162 3346 1308 3433; baseline 0.003 -23"><span class='ocrx_word' id='word_1_239' title='bbox 162 3346 244 3413; x_wconf 87' lang='lat' dir='ltr'>diret</span> <span class='ocrx_word' id='word_1_240' title='bbox 266 3349 299 3411; x_wconf 89' lang='lat' dir='ltr'>et</span> <span class='ocrx_word' id='word_1_241' title='bbox 313 3346 396 3411; x_wconf 90' lang='lat' dir='ltr'>filios</span> <span class='ocrx_word' id='word_1_242' title='bbox 410 3350 586 3430; x_wconf 86' lang='lat' dir='ltr'>prostratos</span> <span class='ocrx_word' id='word_1_243' title='bbox 601 3351 752 3426; x_wconf 89' lang='lat' dir='ltr'>cerneret,</span> <span class='ocrx_word' id='word_1_244' title='bbox 777 3348 862 3412; x_wconf 89' lang='lat' dir='ltr'>ultra</span> <span class='ocrx_word' id='word_1_245' title='bbox 882 3370 978 3433; x_wconf 88' lang='lat' dir='ltr'>quarn</span> <span class='ocrx_word' id='word_1_246' title='bbox 991 3349 1073 3414; x_wconf 87' lang='lat' dir='ltr'>credi</span> <span class='ocrx_word' id='word_1_247' title='bbox 1088 3352 1204 3433; x_wconf 89' lang='lat' dir='ltr'>potest,</span> <span class='ocrx_word' id='word_1_248' title='bbox 1221 3369 1308 3413; x_wconf 88' lang='lat' dir='ltr'>ama-</span> 
     </span>
     <span class='ocr_line' id='line_1_29' title="bbox 162 3450 1309 3538; baseline 0.003 -24"><span class='ocrx_word' id='word_1_249' title='bbox 162 3451 281 3515; x_wconf 86' lang='lat' dir='ltr'>ricatus</span> <span class='ocrx_word' id='word_1_250' title='bbox 315 3450 416 3516; x_wconf 90' lang='lat' dir='ltr'>doluit</span> <span class='ocrx_word' id='word_1_251' title='bbox 449 3471 486 3516; x_wconf 86' lang='lat' dir='ltr'>ac</span> <span class='ocrx_word' id='word_1_252' title='bbox 519 3451 621 3515; x_wconf 90' lang='lat' dir='ltr'>modis</span> <span class='ocrx_word' id='word_1_253' title='bbox 645 3451 791 3516; x_wconf 90' lang='lat' dir='ltr'>omnibus</span> <span class='ocrx_word' id='word_1_254' title='bbox 823 3452 907 3517; x_wconf 89' lang='lat' dir='ltr'>filios</span> <span class='ocrx_word' id='word_1_255' title='bbox 929 3453 1091 3519; x_wconf 84' lang='lat' dir='ltr'>vindicare</span> <span class='ocrx_word' id='word_1_256' title='bbox 1120 3453 1309 3538; x_wconf 76' lang='lat' dir='ltr'>peroptavit.</span> 
     </span>
     <span class='ocr_line' id='line_1_30' title="bbox 163 3543 1310 3633; baseline 0.003 -14"><span class='ocrx_word' id='word_1_257' title='bbox 163 3554 254 3620; x_wconf 91' lang='lat' dir='ltr'>Unde</span> <span class='ocrx_word' id='word_1_258' title='bbox 276 3555 427 3620; x_wconf 89' lang='lat' dir='ltr'>loricatus</span> <span class='ocrx_word' id='word_1_259' title='bbox 448 3555 628 3633; x_wconf 90' lang='lat' dir='ltr'>incedebat,</span> <span class='ocrx_word' id='word_1_260' title='bbox 659 3543 696 3620; x_wconf 84' lang='lat' dir='ltr'>ut</span> <span class='ocrx_word' id='word_1_261' title='bbox 724 3559 923 3622; x_wconf 88' lang='lat' dir='ltr'>murenulam</span> <span class='ocrx_word' id='word_1_262' title='bbox 950 3559 1123 3626; x_wconf 83' lang='lat' dir='ltr'>devoraret.</span> <span class='ocrx_word' id='word_1_263' title='bbox 1169 3556 1310 3633; x_wconf 84' lang='lat' dir='ltr'>Quadam</span> 
     </span>
     <span class='ocr_line' id='line_1_31' title="bbox 124 3659 1310 3746; baseline -0.002 -18"><span class='ocrx_word' id='word_1_264' title='bbox 124 3679 236 3730; x_wconf 75' lang='lat' dir='ltr'>severo</span> <span class='ocrx_word' id='word_1_265' title='bbox 266 3659 334 3724; x_wconf 83' lang='lat' dir='ltr'>vice</span> <span class='ocrx_word' id='word_1_266' title='bbox 365 3661 488 3726; x_wconf 88' lang='lat' dir='ltr'>invenit</span> <span class='ocrx_word' id='word_1_267' title='bbox 518 3666 697 3745; x_wconf 86' lang='lat' dir='ltr'>serpentem</span> <span class='ocrx_word' id='word_1_268' title='bbox 725 3661 882 3727; x_wconf 78' lang='lat' dir='ltr'>crudelem</span> <span class='ocrx_word' id='word_1_269' title='bbox 914 3685 950 3728; x_wconf 90' lang='lat' dir='ltr'>ac</span> <span class='ocrx_word' id='word_1_270' title='bbox 975 3685 1185 3742; x_wconf 85' lang='lat' dir='ltr'>venenosum,</span> <span class='ocrx_word' id='word_1_271' title='bbox 1215 3683 1310 3746; x_wconf 91' lang='lat' dir='ltr'>quem</span> 
     </span>
     <span class='ocr_line' id='line_1_32' title="bbox 162 3764 1309 3854; baseline 0.003 -26"><span class='ocrx_word' id='word_1_272' title='bbox 162 3764 290 3829; x_wconf 87' lang='lat' dir='ltr'>credens</span> <span class='ocrx_word' id='word_1_273' title='bbox 319 3787 385 3830; x_wconf 88' lang='lat' dir='ltr'>esse</span> <span class='ocrx_word' id='word_1_274' title='bbox 415 3768 632 3845; x_wconf 86' lang='lat' dir='ltr'>murenulam,</span> <span class='ocrx_word' id='word_1_275' title='bbox 656 3767 761 3851; x_wconf 89' lang='lat' dir='ltr'>ipsum</span> <span class='ocrx_word' id='word_1_276' title='bbox 785 3789 951 3854; x_wconf 83' lang='lat' dir='ltr'>aggressus</span> <span class='ocrx_word' id='word_1_277' title='bbox 976 3772 1025 3834; x_wconf 89' lang='lat' dir='ltr'>est</span> <span class='ocrx_word' id='word_1_278' title='bbox 1053 3769 1174 3836; x_wconf 82' lang='lat' dir='ltr'>disens:</span> <span class='ocrx_word' id='word_1_279' title='bbox 1207 3768 1309 3846; x_wconf 89' lang='lat' dir='ltr'>modo,</span> 
     </span>
     <span class='ocr_line' id='line_1_33' title="bbox 161 3869 1310 3958; baseline 0.003 -26"><span class='ocrx_word' id='word_1_280' title='bbox 161 3869 334 3950; x_wconf 87' lang='lat' dir='ltr'>maledicte,</span> <span class='ocrx_word' id='word_1_281' title='bbox 362 3871 492 3936; x_wconf 84' lang='lat' dir='ltr'>evadere</span> <span class='ocrx_word' id='word_1_282' title='bbox 514 3893 578 3937; x_wconf 91' lang='lat' dir='ltr'>non</span> <span class='ocrx_word' id='word_1_283' title='bbox 603 3876 702 3958; x_wconf 87' lang='lat' dir='ltr'>potes,</span> <span class='ocrx_word' id='word_1_284' title='bbox 725 3871 809 3938; x_wconf 88' lang='lat' dir='ltr'>filios</span> <span class='ocrx_word' id='word_1_285' title='bbox 831 3893 917 3937; x_wconf 89' lang='lat' dir='ltr'>meos</span> <span class='ocrx_word' id='word_1_286' title='bbox 940 3874 1010 3938; x_wconf 89' lang='lat' dir='ltr'>sine</span> <span class='ocrx_word' id='word_1_287' title='bbox 1025 3895 1119 3938; x_wconf 87' lang='lat' dir='ltr'>cansa</span> <span class='ocrx_word' id='word_1_288' title='bbox 1132 3871 1310 3957; x_wconf 86' lang='lat' dir='ltr'>perdidisti,</span> 
     </span>
     <span class='ocr_line' id='line_1_34' title="bbox 160 3975 1310 4063; baseline 0.003 -25"><span class='ocrx_word' id='word_1_289' title='bbox 160 3995 245 4039; x_wconf 89' lang='lat' dir='ltr'>nunc</span> <span class='ocrx_word' id='word_1_290' title='bbox 267 3977 299 4039; x_wconf 89' lang='lat' dir='ltr'>te</span> <span class='ocrx_word' id='word_1_291' title='bbox 321 3975 475 4059; x_wconf 86' lang='lat' dir='ltr'>perimam</span> <span class='ocrx_word' id='word_1_292' title='bbox 499 3979 531 4040; x_wconf 86' lang='lat' dir='ltr'>et</span> <span class='ocrx_word' id='word_1_293' title='bbox 554 3996 748 4041; x_wconf 87' lang='lat' dir='ltr'>consumam.</span> <span class='ocrx_word' id='word_1_294' title='bbox 793 3975 850 4041; x_wconf 81' lang='lat' dir='ltr'>Oui</span> <span class='ocrx_word' id='word_1_295' title='bbox 874 3979 1005 4063; x_wconf 82' lang='lat' dir='ltr'>anguis:</span> <span class='ocrx_word' id='word_1_296' title='bbox 1029 3998 1103 4042; x_wconf 85' lang='lat' dir='ltr'>cave</span> <span class='ocrx_word' id='word_1_297' title='bbox 1125 3977 1204 4055; x_wconf 88' lang='lat' dir='ltr'>tibi,</span> <span class='ocrx_word' id='word_1_298' title='bbox 1234 3977 1310 4060; x_wconf 89' lang='lat' dir='ltr'>quia</span> 
     </span>
     <span class='ocr_line' id='line_1_35' title="bbox 160 4080 1309 4164; baseline 0.003 -22"><span class='ocrx_word' id='word_1_299' title='bbox 160 4101 316 4144; x_wconf 74' lang='lat' dir='ltr'>nonnum</span> <span class='ocrx_word' id='word_1_300' title='bbox 338 4080 514 4157; x_wconf 89' lang='lat' dir='ltr'>murenula,</span> <span class='ocrx_word' id='word_1_301' title='bbox 538 4081 591 4145; x_wconf 90' lang='lat' dir='ltr'>sed</span> <span class='ocrx_word' id='word_1_302' title='bbox 607 4081 716 4164; x_wconf 86' lang='lat' dir='ltr'>vipera</span> <span class='ocrx_word' id='word_1_303' title='bbox 731 4103 801 4146; x_wconf 91' lang='lat' dir='ltr'>sum</span> <span class='ocrx_word' id='word_1_304' title='bbox 821 4081 981 4160; x_wconf 78' lang='lat' dir='ltr'>toxicona:</span> <span class='ocrx_word' id='word_1_305' title='bbox 1005 4083 1032 4148; x_wconf 88' lang='lat' dir='ltr'>si</span> <span class='ocrx_word' id='word_1_306' title='bbox 1048 4085 1084 4148; x_wconf 87' lang='lat' dir='ltr'>tu</span> <span class='ocrx_word' id='word_1_307' title='bbox 1100 4104 1132 4148; x_wconf 86' lang='lat' dir='ltr'>as</span> <span class='ocrx_word' id='word_1_308' title='bbox 1149 4103 1243 4148; x_wconf 86' lang='lat' dir='ltr'>ausus</span> <span class='ocrx_word' id='word_1_309' title='bbox 1259 4081 1309 4145; x_wconf 91' lang='lat' dir='ltr'>in-</span> 
     </span>
     <span class='ocr_line' id='line_1_36' title="bbox 124 4183 1310 4270; baseline 0.004 -22"><span class='ocrx_word' id='word_1_310' title='bbox 124 4217 148 4256; x_wconf 67' lang='lat'>³⁵</span> <span class='ocrx_word' id='word_1_311' title='bbox 160 4183 248 4270; x_wconf 76' lang='lat' dir='ltr'>gredi</span> <span class='ocrx_word' id='word_1_312' title='bbox 271 4185 311 4249; x_wconf 91' lang='lat' dir='ltr'>ad</span> <span class='ocrx_word' id='word_1_313' title='bbox 334 4207 401 4262; x_wconf 88' lang='lat' dir='ltr'>me,</span> <span class='ocrx_word' id='word_1_314' title='bbox 433 4190 466 4250; x_wconf 90' lang='lat' dir='ltr'>te</span> <span class='ocrx_word' id='word_1_315' title='bbox 496 4185 559 4252; x_wconf 91' lang='lat' dir='ltr'>cito</span> <span class='ocrx_word' id='word_1_316' title='bbox 589 4207 710 4250; x_wconf 85' lang='lat' dir='ltr'>veneno</span> <span class='ocrx_word' id='word_1_317' title='bbox 731 4185 880 4252; x_wconf 90' lang='lat' dir='ltr'>inficiam.</span> <span class='ocrx_word' id='word_1_318' title='bbox 925 4185 969 4252; x_wconf 82' lang='lat' dir='ltr'>Et</span> <span class='ocrx_word' id='word_1_319' title='bbox 991 4187 1194 4253; x_wconf 81' lang='lat' dir='ltr'>cocodrillus:</span> <span class='ocrx_word' id='word_1_320' title='bbox 1225 4209 1310 4254; x_wconf 89' lang='lat' dir='ltr'>nunc</span> 
     </span>
     <span class='ocr_line' id='line_1_37' title="bbox 159 4288 1309 4379; baseline 0.007 -26"><span class='ocrx_word' id='word_1_321' title='bbox 159 4288 257 4354; x_wconf 89' lang='lat' dir='ltr'>latere</span> <span class='ocrx_word' id='word_1_322' title='bbox 281 4289 361 4354; x_wconf 91' lang='lat' dir='ltr'>mihi</span> <span class='ocrx_word' id='word_1_323' title='bbox 382 4311 447 4356; x_wconf 91' lang='lat' dir='ltr'>non</span> <span class='ocrx_word' id='word_1_324' title='bbox 469 4295 568 4376; x_wconf 87' lang='lat' dir='ltr'>potes,</span> <span class='ocrx_word' id='word_1_325' title='bbox 593 4312 656 4356; x_wconf 90' lang='lat' dir='ltr'>non</span> <span class='ocrx_word' id='word_1_326' title='bbox 681 4313 713 4357; x_wconf 86' lang='lat' dir='ltr'>es</span> <span class='ocrx_word' id='word_1_327' title='bbox 735 4294 771 4357; x_wconf 91' lang='lat' dir='ltr'>tu</span> <span class='ocrx_word' id='word_1_328' title='bbox 793 4293 924 4379; x_wconf 80' lang='lat' dir='ltr'>anguis,</span> <span class='ocrx_word' id='word_1_329' title='bbox 947 4295 1001 4360; x_wconf 89' lang='lat' dir='ltr'>sed</span> <span class='ocrx_word' id='word_1_330' title='bbox 1024 4295 1208 4373; x_wconf 88' lang='lat' dir='ltr'>murenula,</span> <span class='ocrx_word' id='word_1_331' title='bbox 1233 4292 1309 4378; x_wconf 90' lang='lat' dir='ltr'>quia</span> 
     </span>
    </p>
   </div>
   <div class='ocr_carea' id='block_1_6' title="bbox 160 4391 1308 4475">
    <p class='ocr_par' dir='ltr' id='par_1_7' title="bbox 160 4391 1308 4475">
     <span class='ocr_line' id='line_1_38' title="bbox 160 4391 1308 4475; baseline 0.006 -18"><span class='ocrx_word' id='word_1_332' title='bbox 160 4391 262 4458; x_wconf 85' lang='lat' dir='ltr'>fectus</span> <span class='ocrx_word' id='word_1_333' title='bbox 284 4415 317 4458; x_wconf 88' lang='lat' dir='ltr'>es</span> <span class='ocrx_word' id='word_1_334' title='bbox 340 4399 377 4460; x_wconf 92' lang='lat' dir='ltr'>ut</span> <span class='ocrx_word' id='word_1_335' title='bbox 407 4393 481 4475; x_wconf 85' lang='lat' dir='ltr'>illo,</span> <span class='ocrx_word' id='word_1_336' title='bbox 516 4399 548 4461; x_wconf 90' lang='lat' dir='ltr'>et</span> <span class='ocrx_word' id='word_1_337' title='bbox 568 4395 639 4461; x_wconf 88' lang='lat' dir='ltr'>ideo</span> <span class='ocrx_word' id='word_1_338' title='bbox 662 4400 694 4463; x_wconf 89' lang='lat' dir='ltr'>te</span> <span class='ocrx_word' id='word_1_339' title='bbox 718 4397 871 4463; x_wconf 85' lang='lat' dir='ltr'>mactabo.</span> <span class='ocrx_word' id='word_1_340' title='bbox 917 4395 1002 4464; x_wconf 88' lang='lat' dir='ltr'>Dum</span> <span class='ocrx_word' id='word_1_341' title='bbox 1026 4403 1130 4464; x_wconf 87' lang='lat' dir='ltr'>autem</span> <span class='ocrx_word' id='word_1_342' title='bbox 1153 4400 1194 4466; x_wconf 95' lang='lat' dir='ltr'>ad</span> <span class='ocrx_word' id='word_1_343' title='bbox 1216 4397 1308 4464; x_wconf 88' lang='lat' dir='ltr'>illum</span> 
     </span>
    </p>
   </div>
   <div class='ocr_carea' id='block_1_7' title="bbox 0 0 1590 4962">
    <p class='ocr_par' dir='ltr' id='par_1_8' title="bbox 0 0 1590 4962">
     <span class='ocr_line' id='line_1_39' title="bbox 0 0 1590 4962; baseline 0 1"><span class='ocrx_word' id='word_1_344' title='bbox 0 0 1590 4962; x_wconf 95' lang='lat' dir='ltr'> </span> 
     </span>
    </p>
   </div>
  </div>
 </body>
</html>
