3146 4962
674 312 736 376 251

136 485 241 552 mosis.
288 485 350 551 Hic
371 485 561 551 architector
584 485 723 569 optimus
746 483 874 550 effectus
897 487 955 562 est,
979 483 1032 548 sed
1055 484 1210 550 maximus
1225 483 1278 550 de·

136 595 253 675 ceptor.
299 591 384 656 Dum
404 591 588 658 consulebat
600 589 766 656 aedilioinm
785 589 934 655 fabricari
949 589 1022 666 tale,
1038 588 1277 654 fundamentum

136 697 347 777 construebat,
365 697 448 781 qnod
460 696 625 762 aedificium
637 695 763 760 ruinam
777 695 841 760 cito
857 693 1057 780 patiebatur,⁸
1070 693 1176 759 dicens
1191 693 1279 758 intra

136 823 185 867 se:
216 801 362 867 lucrabor
392 824 467 889 ego,
503 823 575 875 cum
604 800 784 866 rectificabo
818 799 905 865 illud.
950 797 1002 863 Sic
1028 798 1112 864 eninr
1134 797 1277 864 homines

109 905 302 991 ospoliabat,
324 928 396 972 cum
419 906 653 973 consiliabatur.
698 903 866 971 interhaec
888 903 1020 988 quidam
1038 907 1204 988 tyrannus,
1220 925 1275 968 vo·

134 1011 203 1076 lons
226 1011 288 1076 sibi
301 1011 456 1095 palatium
478 1010 623 1076 mirabile
637 1009 784 1079 aedificari
801 1009 850 1074 vel
865 1008 1025 1087 fabricari,
1045 1007 1133 1072 misit
1148 1014 1278 1092 propter
1340 1025 1344 1034 ·

134 1116 218 1182 hunc
233 1115 473 1182 architectcrem
489 1117 579 1199 cique
593 1116 759 1200 pecuniam
776 1112 1039 1180 innumerabilem
1051 1112 1137 1178 dedit
1149 1116 1278 1196 propter

134 1221 299 1286 aedificium
322 1212 584 1288 construendum
624 1220 825 1286 Architector
847 1223 961 1298 autem,
985 1221 1022 1282 ut
1043 1217 1179 1295 solebat,
1203 1216 1277 1282 fun-

135 1325 316 1391 damentum
339 1326 441 1392 debile
462 1325 625 1404 fundavit,
659 1325 707 1390 ita
739 1325 821 1410 quod
853 1324 978 1408 expleto
1007 1343 1100 1406 opere
1122 1321 1277 1406 palatium

94 1453 121 1490 ro
136 1452 170 1495 aa
191 1431 331 1496 scindere
354 1431 450 1515 coepit
465 1436 496 1496 et
511 1432 636 1496 ruinam
659 1431 783 1498 minari.
830 1430 998 1514 Tyrannus
1020 1433 1127 1493 autem
1148 1426 1208 1492 hoc
1230 1426 1277 1491 vi-

137 1535 213 1600 dens
243 1536 434 1604 amaricatus
464 1536 704 1601 architectorcm
734 1535 845 1600 citavit
867 1534 958 1618 eique
980 1533 1079 1599 dixit:
1111 1553 1208 1617 quare
1229 1551 1279 1596 mo

137 1639 297 1724 decepisti,
320 1641 481 1725 maligne?
504 1639 560 1706 Oui
583 1641 653 1706 illc:
676 1662 725 1704 me
737 1639 854 1724 decepi,
877 1661 947 1704 cum
969 1638 1123 1722 palatium
1134 1635 1276 1715 fundavi,

136 1747 189 1810 sad
211 1750 338 1831 oportet
358 1750 557 1830 prosternere
578 1747 692 1830 ipsum,
715 1751 752 1810 ut
774 1745 885 1812 melius
903 1744 1062 1809 fundetur.
1109 1743 1277 1828 Tyrannus

135 1854 240 1915 autem
262 1851 364 1934 ipsum
387 1851 473 1935 cepit
504 1854 536 1916 et
558 1850 651 1934 juxta
680 1871 804 1914 murum
836 1849 982 1916 mllocari
1014 1848 1090 1913 fecit
1118 1851 1150 1912 ct
1172 1848 1275 1932 ipsum

94 1979 121 2015 ιο
135 1955 255 2038 palatio
286 1955 479 2040 praecipitari
513 1955 589 2020 fecit
621 1956 739 2022 dicens:
776 1976 832 2040 por
870 1954 1035 2020 consilium
1074 1951 1277 2037 nephandum

135 2081 216 2143 saepe
238 2065 368 2143 portant
389 2060 483 2125 multi
506 2061 674 2137 damnum,
706 2081 784 2145 ergo
806 2081 914 2126 caveas
937 2059 1010 2124 dare
1032 2057 1149 2123 falsum
1173 2058 1277 2122 consi·

134 2164 241 2229 silium
265 2169 297 2230 et
320 2166 558 2250 nequissimum.
605 2165 693 2251 Saepe
714 2167 799 2232 enim
821 2166 996 2249 contingit,
1025 2163 1108 2250 quod
1130 2163 1195 2240 illi,
1220 2162 1275 2248 qui

134 2269 212 2334 dant
234 2269 366 2334 consilia
392 2271 491 2348 mala,
523 2293 617 2354 super
639 2293 691 2336 eos
714 2271 930 2336 devolvuntur.
975 2268 1090 2334 Eccles.
1115 2267 1275 2334 XXVII⁰:

133 2373 264 2442 facienti
286 2375 514 2457 nequissimum
537 2376 703 2441 consilium
725 2397 819 2459 super
841 2376 944 2460 ipsum
960 2374 1137 2439 devolvitur
1158 2376 1191 2440 et
1211 2395 1275 2437 non

93 2502 120 2539 so
134 2483 315 2563 cognoscet,
340 2481 422 2544 unde
445 2481 552 2545 veniat
573 2480 630 2545 illi.
676 2480 775 2545 Prout
797 2479 895 2544 refert
913 2478 1058 2558 Orosius,
1082 2477 1175 2561 quod,
1199 2477 1274 2542 dnm

134 2584 262 2668 quidam
284 2587 439 2668 tyrannus
461 2585 579 2649 multos
602 2585 784 2650 innocentes
807 2585 980 2661 damnaret,
1003 2582 1104 2648 Pilius
1127 2587 1275 2666 argenta-

133 2687 210 2766 rius,
236 2688 344 2753 rolens
365 2689 425 2752 sibi
449 2689 581 2773 placere,
606 2693 732 2755 taurum
754 2711 869 2755 acreum
892 2687 986 2766 fecit,
1009 2689 1098 2772 cujus
1120 2689 1153 2753 in
1178 2689 1276 2754 latere

129 2794 262 2877 januam
284 2795 478 2877 composuit,
502 2817 558 2880 pcr
581 2817 675 2878 quam
697 2795 839 2860 damnati
863 2798 991 2879 possent
1012 2793 1150 2871 includi,
1174 2792 1276 2859 dedit·

133 2918 194 2980 que
217 2918 287 2961 eum
309 2901 456 2982 tyranno,
480 2903 525 2977 ut,
551 2921 629 2984 quos
651 2919 760 2964 exosos
791 2899 930 2978 haberet,
954 2898 1083 2985 ignibus
1105 2897 1276 2982 suppositis

91 3025 119 3064 rs
134 3001 221 3066 intus
252 3000 426 3067 includeret
455 3007 486 3067 et
515 3007 551 3068 ut
591 3004 728 3089 gemitus
762 3003 849 3069 bovis
876 3003 925 3068 vel
948 3003 1073 3088 pecudis
1096 3003 1292 3069 viderentur-

133 3127 279 3171 resonare
300 3107 335 3171 in
357 3107 469 3190 poenia.
514 3105 574 3172 Sed
602 3112 759 3192 tyrannus
789 3106 908 3174 factum
938 3108 1103 3174 abhorruit
1132 3113 1164 3172 ct
1196 3108 1278 3172 dixit

132 3212 171 3291 ei,
195 3214 231 3275 ut
253 3211 374 3296 primns
396 3211 548 3291 intraret,
581 3217 617 3278 nt
638 3214 698 3291 sic,
723 3213 860 3296 qualiter
881 3234 937 3296 per
958 3235 993 3278 os
1014 3214 1098 3278 tauri
1120 3213 1275 3297 magitum

132 3316 301 3395 amitteret,
324 3316 404 3381 scire
426 3321 540 3401 posset,
554 3322 598 3382 ‘et
618 3317 663 3382 sic
686 3339 757 3382 eum
779 3318 909 3382 inclusit
932 3321 964 3382 et
986 3318 1119 3402 punivit

360 3489 416 3554 De
438 3490 597 3556 bubalo
618 3491 851 3578 caligario,
875 3491 947 3556 dial.
976 3493 1045 3556 102.

91 3654 117 3692 co
219 3627 359 3694 Bubalus
388 3635 436 3695 cst
465 3630 583 3695 animal
611 3630 713 3696 similo
740 3631 841 3696 bobus
870 3631 917 3696 ita
950 3630 1153 3708 indomitum,
1192 3631 1275 3715 quod

130 3753 188 3818 per
210 3731 370 3798 feritatem
387 3735 500 3819 jugum
530 3757 593 3799 non
625 3736 738 3821 recipit
767 3737 803 3801 in
825 3737 953 3802 cervice.
999 3735 1137 3802 Bubalos
1166 3733 1276 3800 Africa

131 3841 292 3923 procreat,
324 3837 357 3902 in
389 3837 558 3904 Germania
591 3847 695 3906 autem
727 3846 802 3907 sunt
832 3841 925 3907 boves
955 3845 1093 3926 agrestes
1122 3840 1275 3905 habentes

131 3963 249 4008 cornua
271 3941 305 4008 in
328 3946 454 4008 tantum
485 3949 653 4029 protensa,
684 3950 720 4011 ut
750 3948 785 4011 in
809 3946 892 4032 regis
924 3967 1033 4011 mensa
1064 3949 1193 4029 propter
1225 3946 1276 4008 in-

130 4048 255 4133 signem
277 4069 385 4114 corum
407 4049 613 4133 capacitatem
638 4072 675 4115 ax
698 4052 736 4115 iis
760 4051 872 4135 pocula
894 4051 991 4128 fiant,
1014 4055 1051 4116 ut
1072 4050 1150 4116 dicit
1172 4049 1276 4170 {sido-

90 4175 116 4214 ao
131 4174 194 4220 rus.
240 4151 297 4218 Fst
319 4159 423 4220 antem
447 4154 565 4220 animal
588 4177 712 4240 magnae
733 4154 942 4233 fortitudinis,
968 4157 1049 4221 unde
1070 4156 1192 4222 domarr
1208 4176 1273 4219 non

130 4262 235 4342 potest
257 4259 320 4324 nisi
342 4259 460 4326 circulo
482 4261 585 4325 ferreo
608 4261 738 4326 naribus
768 4262 833 4345 ejus
855 4261 970 4338 infixo,
1003 4282 1065 4345 quo
1094 4260 1270 4326 circumdu-

129 4361 230 4444 citur,
259 4362 346 4442 nigri
375 4368 480 4430 autem
510 4363 624 4431 coloris
651 4365 702 4430 vel
722 4365 817 4445 fulvi,
843 4387 957 4451 paucos
980 4369 1013 4432 ot
1035 4386 1123 4452 raros
1153 4365 1275 4432 habens
