3146 4962
818 367 882 432 244

143 581 150 600 .
284 533 401 602 Ethim.
425 535 514 602 XII0.
561 537 739 604 Rinoceron
763 540 879 618 etiam,
910 545 951 606 ut
966 541 1045 608 dicit
1067 541 1199 627 Papias,
1229 546 1278 608 eet
1306 542 1431 607 animal

283 661 379 706 cornu
403 641 436 704 iu
460 663 534 706 nare
556 641 687 707 habens.
735 642 912 708 ltinoceron
937 647 1042 725 etiam,
1066 648 1102 709 ut
1124 645 1201 710 dicit
1222 645 1354 730 Papias,
1376 653 1431 712 est

282 745 350 810 fera
373 746 533 812 indomite
555 751 693 824 naturae,
717 749 763 812 ite
784 753 830 826 ut,
854 749 881 812 si
904 753 995 832 capta
1017 749 1132 828 fuerit,
1164 751 1266 815 teucri
1288 751 1429 815 nullate-

284 873 343 914 nus
365 851 473 934 possit.
520 851 596 916 Huec
618 855 747 936 propter
771 853 991 918 fortitudinem
1022 857 1078 920 aut
1097 855 1296 938 juventutem
1319 877 1429 920 senem

258 955 388 1019 uvidae
410 977 473 1020 non
489 959 630 1038 poterat;
653 957 902 1042 quandocunque
924 980 1013 1022 senes
1035 957 1229 1037 intuebatur,
1251 962 1324 1042 post
1339 959 1430 1044 ipsos

284 1058 447 1139 sibilabat,
475 1061 583 1125 videus
610 1060 694 1144 ipsos
723 1065 867 1126 curvatos
900 1062 971 1128 aliis
1003 1063 1104 1148 digito
1132 1063 1266 1128 derisive
1293 1063 1429 1128 demon-

144 1177 152 1206 *
283 1163 413 1230 strabet.
459 1165 542 1230 Dum
565 1169 668 1230 autem
693 1169 817 1249 tempus
838 1167 1047 1250 pertransiret
1072 1172 1104 1231 et
1126 1167 1193 1251 ipse
1215 1188 1311 1232 senex
1333 1167 1429 1232 effee-

283 1271 335 1332 tus
356 1272 446 1348 essct,
469 1269 573 1354 ipsum
591 1270 722 1352 juvenes
744 1271 967 1354 despiciebant,
990 1272 1059 1356 ipse
1080 1292 1155 1337 uero
1176 1274 1334 1356 patienter
1356 1294 1429 1337 sns-

283 1372 407 1438 tinebet
427 1373 547 1439 dicens:
570 1373 625 1457 qui
647 1373 804 1439 desiderat
825 1396 995 1454 senescere,
1018 1398 1107 1440 senes
1129 1397 1193 1440 non
1216 1375 1428 1460 debetdespi-

186 1503 191 1513 ·
246 1499 271 1535 ιο
285 1499 362 1544 cere.
408 1477 447 1543 In
469 1479 528 1544 hoc
550 1483 700 1562 apparet,
732 1480 814 1564 quod
845 1501 934 1546 senes
956 1481 1162 1566 ajuvenibus
1185 1503 1250 1546 non
1273 1485 1349 1546 sunt
1372 1480 1428 1544 de-

284 1583 446 1666 spiciendi,
471 1585 533 1648 imo
556 1585 658 1668 magis
680 1589 755 1648 sunt
777 1586 955 1652 reuerendi.
1002 1586 1050 1650 De
1071 1585 1131 1652 hoc
1152 1593 1346 1670 preceptum
1368 1585 1428 1649 ha·

283 1689 392 1753 bemus
416 1689 450 1752 in
464 1687 604 1752 Levitico
619 1686 728 1752 XlX⁰:
752 1710 857 1753 coram
873 1711 951 1754 cauo
966 1691 1068 1773 capite
1082 1711 1235 1776 consurge
1257 1690 1429 1755 ethonore

284 1814 449 1878 personum
478 1792 571 1858 senis.
617 1791 707 1856 Unde
737 1792 841 1876 prima
862 1791 949 1858 Petri
974 1793 1034 1859 V⁰:
1063 1795 1276 1872 adolescentes
1305 1793 1428 1860 subditi

284 1901 384 1963 estote
399 1897 581 1963 senioribus.
613 1894 712 1961 Catho
728 1916 852 1980 quoque
867 1897 929 1962 ait:
952 1897 1024 1962 cede
1038 1898 1142 1963 locum
1156 1899 1280 1982 majori.
1325 1897 1428 1964 Prorm

247 2006 395 2066 renarrat
417 2000 562 2065 Valerius
585 1998 680 2069 libro
703 1999 750 2064 V⁰
772 2021 839 2085 cap.
864 1999 913 2064 11⁰
935 2001 974 2066 de
995 2001 1196 2082 Alexandro,
1227 2003 1283 2086 qui
1313 2002 1425 2087 praeci·

285 2129 382 2192 puum
405 2107 555 2172 honorem
587 2110 619 2170 et
641 2128 779 2170 amorem
801 2129 819 2170 a
842 2106 997 2172 militibus
1019 2109 1085 2172 suis
1108 2109 1224 2172 meruit
1246 2107 1425 2172 clementie

286 2211 376 2276 Unde
398 2212 444 2276 ait
472 2211 510 2275 de
533 2233 584 2288 eo,
616 2210 715 2294 quod,
748 2211 876 2274 cumin
906 2211 1012 2276 navali
1040 2216 1229 2296 tempestate
1258 2233 1427 2296 oppressus

285 2317 372 2382 senio
402 2317 464 2400 jam
496 2315 673 2381 confectum
699 2314 902 2380 Macedonem
934 2316 1068 2381 militem
1097 2318 1197 2382 nimio
1228 2317 1347 2403 frigore
1369 2315 1426 2380 ob-

285 2421 495 2506 stupefactum
516 2419 670 2505 respexit,
700 2420 766 2503 ipse
796 2420 905 2485 sedens
934 2421 968 2484 in
992 2421 1062 2486 sede
1094 2422 1222 2486 sublimi
1254 2421 1427 2506 statimque

245 2543 272 2583 πο
286 2525 324 2590 de
345 2525 417 2590 sede
438 2525 598 2590 descendit
620 2528 653 2587 et
674 2524 819 2588 menibus
842 2525 907 2588 suis
928 2525 1033 2609 ipsum
1056 2524 1190 2590 militem
1208 2525 1301 2609 juxta
1317 2527 1424 2611 iguem

284 2630 318 2694 iu
341 2631 411 2695 sede
432 2652 488 2694 sua
510 2628 670 2712 imposuit.
714 2627 796 2692 Item
819 2629 916 2694 refert
938 2629 1091 2712 Valerius,
1114 2631 1207 2715 quod,
1231 2632 1357 2714 quando
1380 2629 1425 2694 ci·

285 2736 383 2799 coniae
405 2738 586 2810 senescunt,
617 2731 676 2797 filii
709 2738 855 2815 parentes
877 2755 949 2798 suos
972 2734 1006 2798 in
1029 2735 1103 2799 nido
1125 2741 1252 2820 ponunt
1282 2739 1314 2800 et
1334 2737 1426 2819 juxte

285 2843 393 2921 pectus
423 2862 514 2904 suum
544 2861 595 2904 eos
618 2838 788 2917 collocent,
822 2839 947 2919 fovent,
981 2841 1130 2905 nutriunt
1159 2845 1191 2906 et
1224 2840 1425 2906 calefaciunt.

287 2945 376 3023 Quod
408 2945 503 3010 etiam
530 2967 622 3030 agere
653 2943 768 3008 debent
797 2943 940 3008 homiues
974 2945 1129 3010 rationem
1159 2945 1311 3010 habentes
1340 2947 1425 3012 circe

247 3063 272 3104 Μ
285 3052 422 3115 seniores
452 3054 483 3113 et
509 3056 664 3133 parentes.
717 3047 807 3112 Unde
838 3047 984 3114 Valerius
1007 3049 1088 3115 libro
1119 3049 1166 3114 V⁰
1197 3049 1293 3128 dicit,
1327 3051 1421 3134 quod,

286 3155 359 3239 dum
383 3155 524 3238 quredam
548 3154 661 3218 mulier
681 3153 797 3230 nobilis
823 3154 863 3218 ob
879 3155 1034 3237 quoddam
1049 3153 1207 3239 flagitium
1223 3153 1335 3220 finisset
1357 3176 1426 3220 cer-

285 3261 348 3325 ceri
374 3261 567 3346 mancipatu,
597 3265 634 3324 ut
656 3259 700 3322 ibi
722 3257 804 3322 fame
827 3258 986 3337 deficeret,
1019 3258 1164 3324 filiasue
1193 3264 1294 3343 nuptu
1323 3261 1362 3325 de
1382 3259 1425 3324 li·

286 3366 389 3431 centia
407 3367 522 3451 judicis
551 3365 652 3449 ipsam
677 3365 815 3448 quotidie
837 3364 996 3429 visitabat.
1042 3363 1135 3429 Prius
1157 3369 1264 3430 tamen
1288 3364 1424 3450 diligen·

286 3476 335 3536 ter
356 3471 621 3556 perscrutabatur,
645 3469 781 3552 nequid
805 3469 866 3532 sibi
888 3469 1081 3535 comestibile
1104 3468 1250 3547 deferret,
1273 3469 1331 3534 illa
1352 3490 1425 3533 vero

247 3590 272 3627 ³0
287 3583 426 3642 exbecto
449 3578 543 3641 ubere
564 3575 698 3659 singulis
722 3574 829 3639 diebus
851 3573 984 3640 delecte
1006 3575 1134 3659 proprio
1155 3579 1290 3639 matrem
1310 3574 1424 3639 alebat

286 3683 426 3749 Tandem
457 3703 530 3747 vero
550 3682 643 3765 judex
675 3680 791 3764 pietate
814 3682 987 3743 commotus
1009 3684 1142 3744 matrem
1165 3679 1239 3744 filie
1267 3679 1425 3745 condona-

286 3789 341 3854 vit.
386 3787 494 3853 Simile
515 3809 571 3870 per
593 3785 699 3849 omnia
722 3784 857 3849 refertur
878 3785 916 3848 de
931 3784 1067 3867 quodam
1081 3788 1172 3868 patre
1187 3805 1262 3852 sene
1284 3788 1316 3848 et
1327 3803 1425 3868 gran·

287 3893 371 3958 devo
402 3893 509 3958 taliter
540 3891 647 3956 afilia
677 3893 863 3955 sustentato.
908 3887 974 3953 Soli
1004 3888 1144 3954 vultures
1170 3892 1318 3974 parentes
1349 3907 1423 3952 suos

287 3999 367 4062 mori
391 3998 588 4082 permittunt.

247 4173 341 4239 uDe
377 4174 496 4239 orice
535 4171 598 4238 vel
635 4169 771 4259 origc,
814 4167 882 4258 qui
919 4190 1128 4256 nunquam
1164 4167 1426 4238 infirmatur

776 4276 848 4342 dial.
874 4283 924 4342 95.

373 4417 466 4500 Orix,
491 4423 526 4483 ut
547 4421 580 4482 iu
604 4417 736 4482 Britone
756 4418 887 4496 dicitur,
919 4420 955 4481 ut
976 4417 1103 4501 quidam
1126 4383 1253 4498 dicunt,
1284 4419 1333 4482 est
1354 4413 1424 4481 ani-
