3172 4962
699 383 760 446 163

149 553 267 618 librum
290 554 496 630 occultando,
528 557 561 618 et
590 553 673 638 quod
696 559 826 638 propter
847 554 1090 622 infamationem
1113 556 1216 622 sancti
1240 556 1302 622 viri

150 661 219 722 tum
243 658 466 736 occultaverat,
489 657 644 743 petiitqw
666 680 699 723 se
721 661 833 725 adduci
857 661 895 726 ad
919 683 1007 740 enm,
1030 669 1067 726 ut
1092 664 1159 748 ejus
1182 664 1301 729 oratio·

151 762 244 828 nibus
267 763 454 829 liberaretur
483 787 503 828 a
524 764 672 830 daemone.
724 764 866 850 Cumque
889 767 1041 831 adductus
1070 766 1201 846 fuisset,
1234 769 1301 853 ejus

150 868 295 952 precibus
325 873 372 934 est
403 870 555 934 liberatus
586 870 791 934 adaemouio.
850 870 898 935 De
927 871 1009 936 falso
1039 873 1222 938 testimonio
1256 873 1303 938 ait

123 969 335 1058 aGregorius:
367 974 421 1058 qui
451 973 566 1038 falsum
596 976 814 1040 testimouium
843 975 983 1059 profert,
1018 977 1122 1042 tribus
1158 977 1301 1062 personis

150 1077 305 1142 obnoxius
326 1085 383 1156 est,
405 1080 508 1165 primo
530 1079 747 1155 domiuoDeo,
771 1082 860 1164 cujus
882 1081 1086 1164 praeentiam
1110 1083 1300 1160 contemnit,

151 1183 285 1247 secundo
304 1183 413 1266 judici,
437 1206 530 1268 quern
554 1185 736 1250 mentiendo
759 1185 854 1263 fallit,
878 1187 974 1251 tertio
996 1186 1183 1264 innocenti,
1207 1209 1299 1271 quem

150 1285 231 1352 falso
252 1289 435 1353 testimonio
458 1289 554 1356 laedit.
601 1288 642 1354 Et
674 1290 745 1354 ideo
776 1289 901 1374 injure
923 1294 1051 1355 tenetur
1073 1291 1166 1356 testis
1189 1292 1228 1356 ad
1251 1314 1301 1358 re-
1374 1301 1377 1308 ’

150 1391 350 1458 stitutionem
371 1393 524 1471 omniurn,
548 1415 619 1478 quae
641 1415 697 1478 per
719 1417 811 1460 suum
828 1394 944 1461 falsum
960 1395 1178 1460 testimonium
1193 1397 1302 1481 proxi·

112 1528 139 1566 ιο
153 1517 224 1560 mus
246 1497 313 1581 ejus
335 1498 452 1564 arrisit.

442 1670 498 1736 De
520 1693 612 1736 sera
634 1676 675 1737 et
696 1673 830 1756 clave,
855 1671 929 1738 dial.
955 1676 1006 1737 23.

241 1809 345 1876 clavis
369 1810 512 1895 quaedam
535 1811 657 1896 optima
680 1832 782 1876 seram
805 1812 927 1894 placide
959 1812 1122 1896 aperiebat
1151 1817 1184 1878 et
1216 1813 1303 1880 clau·

153 1916 256 1994 debat,
280 1915 327 1979 ita
349 1915 432 1999 quod
456 1919 610 2000 patronus
634 1915 667 1979 iu
691 1915 751 1982 hoc
774 1916 910 1982 multum
937 1917 1115 1983 laetabatur.
1161 1917 1303 1994 Quadam

154 2026 260 2086 autem
283 2021 349 2085 vice
371 2043 440 2085 sera
455 2021 583 2107 ingrata
598 2043 794 2086 murmurare
810 2023 905 2106 coepit
922 2044 1029 2086 versus
1044 2023 1164 2087 clavem
1180 2023 1303 2088 dicent:

114 2126 361 2209 iruuephauda,
384 2149 481 2211 quare
504 2149 554 2192 me
576 2147 699 2210 semper
722 2127 930 2212 persequeris,
954 2127 1097 2210 quotidie
1120 2127 1245 2193 intrans
1267 2129 1302 2193 iu

154 2231 273 2296 viscera
296 2255 373 2312 mea,
397 2237 430 2298 et
454 2233 607 2298 interiora
622 2255 692 2296 mea
714 2233 810 2297 solvis
833 2236 866 2298 et
887 2232 1044 2296 resolvis?
1067 2229 1160 2316 Cesso
1182 2234 1222 2299 ab
1244 2234 1305 2299 hoc
1433 2291 1441 2306 .

153 2338 354 2422 gravamine,
392 2337 534 2422 alioquin
572 2341 604 2402 te
633 2338 796 2422 projiciam
834 2342 867 2402 et
897 2336 1043 2402 curvabo.
1100 2338 1157 2403 Cui
1188 2338 1301 2404 clarior

153 2443 354 2520 maledicis,
384 2463 489 2520 soror,
520 2442 669 2526 quoniam
699 2464 756 2526 per
787 2464 837 2506 me
860 2443 1019 2507 custodita
1041 2465 1073 2508 es
1095 2447 1128 2508 et
1149 2445 1302 2526 protecta.

153 2546 188 2612 Si
211 2547 257 2612 vis
280 2570 330 2613 me
351 2547 513 2632 projicere,
536 2547 659 2630 abjecta
679 2547 741 2610 eris
757 2551 789 2611 et
804 2547 915 2612 fracta
960 2547 1035 2612 Sera
1050 2553 1157 2613 autem
1173 2554 1302 2632 propter

112 2653 219 2718 rohaec
241 2652 337 2718 verba
359 2653 490 2716 minime
512 2651 636 2733 placata
659 2655 717 2729 est,
741 2653 819 2735 quin
842 2651 906 2716 imo
929 2656 1035 2716 totum
1059 2652 1219 2717 obseravit
1250 2653 1298 2716 fo·

153 2779 263 2823 rameu
285 2761 318 2822 et
339 2759 457 2823 clavem
480 2776 543 2821 nou
566 2757 711 2839 permisit
734 2757 841 2820 venire
864 2756 897 2821 iu
920 2778 963 2834 se,
991 2762 1028 2822 ut
1049 2757 1167 2822 ostium
1190 2760 1301 2841 patro·

153 2885 214 2928 nus
236 2863 360 2948 aperire
382 2885 447 2927 nou
471 2861 597 2926 valeret.
643 2859 802 2926 Patronus
826 2881 898 2926 vero
922 2863 981 2926 hoc
1004 2883 1135 2927 cerneus
1153 2861 1302 2948 indigua·

153 2973 206 3033 tus
227 2989 329 3034 saram
352 2968 441 3030 illam
465 2965 652 3051 exstirpavit
674 2988 711 3032 ac
733 2965 840 3053 fregit,
868 2987 904 3032 eo
927 2967 1011 3051 qnod
1034 2967 1159 3054 aperire
1182 2989 1301 3052 nequa·

154 3095 249 3158 qnam
286 3073 420 3138 valebat.
480 3071 585 3137 Clavis
622 3076 728 3137 autem
762 3073 865 3155 ipsam
903 3071 1105 3156 postmodum
1142 3072 1305 3138 deridebat
1359 3067 1373 3094 ⁸

112 3179 277 3244 redicens:
300 3199 371 3243 cum
395 3197 457 3261 quo
479 3177 578 3242 stabis
600 3181 790 3254 sustentata,
814 3177 875 3242 eris
899 3180 931 3240 et
957 3197 1082 3260 semper
1105 3177 1303 3242 concordata.

154 3285 235 3352 Cave
258 3285 376 3370 igitur,
410 3283 520 3360 homo,
550 3282 708 3348 adversari
740 3287 773 3346 et
796 3281 893 3346 rixari
919 3301 990 3345 cum
1016 3301 1079 3363 quo
1103 3279 1304 3346 familiariter

153 3389 277 3456 vixeris.
320 3387 404 3464 Quia
427 3388 503 3452 dicit
525 3387 657 3452 Seneca:
687 3387 812 3470 turpius
843 3386 925 3450 nihil
956 3389 1005 3449 est
1038 3406 1133 3467 quam
1165 3405 1237 3449 cum
1270 3406 1305 3450 eo

154 3517 263 3580 gerere
290 3493 426 3573 bellum,
463 3516 533 3558 cum
564 3515 627 3577 quo
657 3492 857 3556 familiariter
889 3489 1014 3554 vixeris.
1063 3493 1214 3554 Attamen
1245 3487 1302 3571 qui

154 3601 282 3684 pacifice
305 3599 438 3683 cupiunt
460 3599 656 3674 commorari,
679 3619 775 3662 onera
799 3618 856 3660 sua
880 3599 1006 3679 portare
1027 3593 1162 3658 invicem
1186 3593 1303 3659 debent
1376 3655 1379 3660 .

113 3727 140 3764 ro
151 3707 244 3790 juxta
277 3704 355 3769 illud
388 3703 525 3787 apostoli
557 3705 595 3768 ad
627 3703 756 3768 Galatas
786 3705 894 3766 sexto:
927 3699 1008 3764 alter
1040 3699 1171 3765 alterius
1204 3719 1301 3764 onera

155 3814 289 3894 portate.
337 3807 422 3872 Dicit
445 3807 530 3872 enim
552 3807 691 3872 Tullius:
716 3806 796 3870 nihil
820 3810 877 3884 est,
902 3804 984 3888 quod
1002 3825 1065 3868 uon
1084 3804 1219 3881 tolleret,
1246 3804 1302 3887 qui

154 3913 292 4001 perfecte
315 3913 430 3996 diligit.
481 3912 578 3977 Prout
600 3912 717 3996 legitur
741 3910 773 3974 iu
799 3909 949 3973 Historiis
972 3907 1192 3985 Scholasticis,
1217 3908 1299 3991 quod

156 4021 327 4106 Antipater
350 4017 523 4096 Ydurneus,
549 4021 638 4101 pater
663 4015 769 4096 ruagui
794 4013 938 4090 Herodis,
963 4013 996 4076 iu
1023 4012 1159 4096 quodam
1189 4012 1303 4098 proelio

155 4127 191 4192 in
212 4126 342 4192 servitio
365 4122 564 4207 imperatoris
597 4120 706 4184 multis
729 4117 912 4183 vulneribus
943 4121 991 4181 est
1022 4116 1204 4196 confossus,
1236 4139 1306 4202 quoe

117 4250 143 4290 π
156 4231 293 4298 libenter
315 4229 466 4295 toleravit
488 4228 574 4292 illius
598 4245 712 4290 amore.
760 4223 900 4287 Tandem
930 4221 970 4286 ab
996 4221 1118 4286 ramulis
1150 4243 1221 4286 cum
1254 4243 1305 4288 ac·

156 4342 318 4404 assaretur
341 4335 486 4410 refectus,
514 4331 630 4397 Caesari
653 4329 752 4394 dixit:
786 4327 906 4404 Caesar,
931 4326 1007 4392 nolo
1031 4326 1191 4391 merobis
1214 4349 1307 4392 excu-

156 4463 226 4508 sare
247 4440 371 4521 verbis,
402 4437 457 4503 sed
479 4438 541 4518 ista
564 4437 712 4514 vulnera,
746 4455 817 4518 quae
839 4432 978 4516 suscepi,
1012 4451 1118 4574 amope
1140 4432 1237 4498 vestri
1260 4433 1307 4498 lo·

1038 4540 1076 4603 11
