3172 4958
837 304 879 368 58

288 481 415 544 tantum
438 478 533 544 dedit.
580 477 648 572 Quo
671 479 796 562 quidem
821 478 905 553 facto
921 499 991 542 cum
1007 499 1088 562 paro
1105 499 1137 544 se
1152 477 1282 543 vidisset
1297 477 1445 554 illusum,

289 585 400 650 statim
416 583 464 649 irs
478 587 639 668 correptus
655 584 870 650 lamentativis
886 584 1019 666 eloquiis
1041 583 1092 648 bis
1112 605 1280 668 aggressus
1303 586 1353 647 est
1369 605 1447 648 eum

289 689 448 773 dixitque:
485 711 677 773 quamquam
710 690 805 754 homo
836 689 882 753 rei
913 692 979 754 tam
1008 687 1165 752 mirabilis
1195 687 1444 753 admirationem

289 814 411 877 semper
438 815 563 858 cernere
586 795 773 872 delectetur,
804 794 969 859 occultatis
993 794 1092 859 oeulis
1113 798 1151 859 tu
1174 814 1238 858 non
1261 793 1364 858 solum
1388 816 1446 858 me

263 898 408 964 sintueri
431 900 589 982 sprevisti,
613 900 677 964 imo
700 899 864 984 granditer
887 899 1019 964 miranti
1042 899 1080 964 de
1102 903 1135 964 te
1157 899 1351 964 horrendum
1374 899 1446 982 spi·

288 1025 402 1068 narum
426 1003 557 1089 globum
588 1005 822 1088 deformemque
854 1005 987 1070 formam
1019 1003 1172 1070 tribuisti.
1217 1001 1276 1068 Cui
1304 1003 1360 1068 ille
1389 1025 1445 1068 re·

289 1108 433 1192 sponditz
463 1109 582 1173 nemini
605 1109 722 1192 quippe
742 1109 821 1174 tacit
843 1109 1009 1192 injuriam,
1041 1109 1096 1192 qui
1119 1108 1223 1173 utitur
1244 1109 1446 1193 proprietate

288 1235 354 1278 sua
399 1213 571 1292 Attamen,
596 1233 711 1296 quasso,
734 1217 771 1278 nt
794 1214 922 1296 pacifice
945 1213 1030 1278 dicas
1053 1213 1150 1291 mihi,
1173 1212 1250 1296 quid
1272 1213 1375 1297 pluris
1398 1213 1446 1276 sit

289 1319 359 1397 tibi,
383 1317 482 1383 videri
504 1341 544 1383 an
567 1320 657 1384 esse?
690 1317 849 1384 Nimirum
874 1319 901 1384 si
924 1319 1002 1384 dicis
1018 1339 1093 1396 esse,
1117 1317 1191 1401 quid
1208 1316 1269 1381 tibi
1286 1317 1324 1382 de
1339 1317 1443 1382 oculis

252 1449 277 1486 ro
291 1423 392 1488 meisi
415 1421 563 1506 Namque
579 1425 653 1488 sine
676 1424 727 1488 his
750 1446 814 1488 non
839 1425 944 1489 minus
966 1423 1091 1502 existis,
1115 1422 1169 1488 sed
1192 1422 1221 1486 si
1243 1422 1344 1486 videri
1366 1422 1442 1507 plus

290 1529 413 1612 appetis
436 1529 556 1611 etjam
579 1550 696 1614 pompa
711 1529 814 1596 factus
837 1551 868 1593 es
891 1529 1083 1608 umbratilis,
1106 1527 1263 1611 pupillare
1278 1527 1443 1609 speculum

290 1632 414 1715 quaeris.
460 1631 632 1713 Mement0,
656 1655 777 1718 quaeso,
803 1634 885 1718 quod
907 1634 1047 1700 basilisci
1070 1633 1178 1700 oculus
1201 1631 1334 1708 occidit,
1365 1632 1443 1715 quia

291 1743 323 1800 et
346 1736 448 1802 dicam
461 1738 521 1802 tibi
544 1738 634 1816 illud,
658 1739 739 1823 quod
764 1739 841 1804 olim
865 1740 975 1817 simiss,
997 1761 1030 1804 se
1053 1739 1089 1804 in
1110 1761 1147 1804 eo
1170 1736 1325 1804 cernendo
1337 1736 1441 1800 luces·

289 1863 357 1906 cere
379 1842 573 1926 gratulanti,
603 1843 710 1927 inquit
732 1844 857 1928 vulpes:
888 1845 990 1930 gaude
1012 1844 1115 1930 magis
1138 1844 1221 1927 quod
1245 1863 1296 1921 es,
1327 1847 1360 1906 et
1383 1863 1442 1905 ne-

251 1975 276 2012 ra
291 1968 447 2031 quaquam
469 1947 552 2030 qnod
566 1947 601 2012 in
617 1947 686 2014 luce
707 1949 927 2014 similitudinis
941 1949 1112 2033 specularis
1128 1969 1272 2032 appares.
1316 1944 1443 2028 Nempe

290 2052 366 2137 quia
388 2073 430 2130 es,
453 2051 550 2117 habes
573 2052 784 2118 substantiam
807 2055 961 2132 veritatis,
984 2055 1037 2119 sed
1061 2055 1095 2118 in
1118 2075 1169 2118 me
1190 2073 1347 2137 apparens
1368 2072 1440 2114 um·

220 2201 222 2206 ·
290 2155 348 2221 bra
362 2160 487 2222 tantum
503 2157 637 2224 efficeris
653 2159 814 2226 vanitatis.
852 2158 928 2226 Non
943 2159 1069 2240 audisti,
1093 2159 1177 2243 quod
1192 2158 1286 2244 tigris
1301 2154 1440 2221 velocior

289 2265 396 2346 raptos
425 2263 544 2328 catulos
566 2264 720 2347 perdidit,
752 2264 827 2346 quia
849 2265 912 2330 fixo
934 2265 1058 2348 quidem
1082 2266 1172 2332 oculo
1195 2264 1230 2328 in
1263 2263 1377 2329 semita
1400 2261 1436 2326 in

289 2365 416 2449 speculo
427 2368 477 2432 sui
489 2368 634 2434 mirando
643 2369 884 2436 similitudinem
891 2371 959 2454 jam
974 2392 1026 2437 eos
1042 2369 1199 2436 invenisse
1214 2367 1364 2453 putavit?
1388 2365 1440 2431 Sic

249 2497 274 2536 ao
289 2471 330 2534 ob
353 2493 468 2536 vanam
496 2473 716 2560 apparentiam
748 2479 885 2540 amatam
913 2476 1125 2541 substantiam
1157 2474 1295 2538 filiorum
1319 2471 1438 2536 amisit.

289 2575 377 2652 Quod
409 2598 485 2662 ergo
516 2599 588 2644 cum
619 2580 794 2646 ventilabro
816 2582 1040 2665 pompositatis
1062 2579 1234 2645 effunderis
1256 2581 1289 2644 et
1310 2579 1438 2644 tantum

288 2681 323 2744 in
346 2681 509 2764 superficie
529 2681 597 2748 fore
620 2685 745 2767 quaeris,
768 2686 942 2765 recordare,
965 2686 1050 2770 quod
1070 2685 1175 2750 fumus
1191 2682 1343 2760 vanescit,
1367 2703 1439 2747 cum

197 2845 201 2852 .
288 2788 468 2872 spargitur,
499 2793 531 2852 et
560 2789 655 2854 tellus
685 2813 749 2855 non
772 2791 928 2876 pullulat,
961 2791 1025 2856 nisi
1056 2791 1164 2856 datum
1188 2809 1294 2853 semen
1318 2785 1440 2850 insuia

288 2891 461 2957 visceribus
490 2894 698 2973 recondatur,
728 2896 840 2962 albedo
870 2895 949 2961 foris
979 2894 1065 2961 facta
1094 2895 1220 2960 nubilat
1250 2891 1376 2958 oculum
1408 2893 1441 2956 et

250 3021 275 3059 ss
290 3018 431 3080 respersa
460 2999 495 3061 in
527 3001 598 3062 cute
622 3000 820 3064 contaminat
847 3000 936 3084 lepra
957 3001 1145 3065 membrum.
1191 2997 1252 3063 Sed
1281 2996 1440 3061 occultata

289 3101 392 3166 forma
415 3101 513 3168 micat
535 3101 669 3170 lucidius
693 3108 726 3171 et
748 3127 799 3170 res
821 3105 995 3170 aromatica
1017 3103 1203 3170 abscondita
1225 3101 1353 3187 quidem
1367 3101 1438 3184 plus

290 3207 425 3272 delectat
446 3207 607 3274 olfactum.
653 3208 704 3275 Sic
727 3214 872 3274 castanea
895 3211 954 3275 sub
970 3210 1098 3294 spinoso
1115 3207 1297 3272 reconditur
1312 3205 1439 3283 vertice,

290 3314 326 3375 ut
349 3332 430 3377 vana
452 3316 559 3397 spreta
581 3315 769 3398 apparentia
792 3316 850 3380 sub
874 3315 1055 3380 medullaris
1079 3312 1254 3379 dulcedinis
1270 3309 1439 3376 existentia

289 3417 479 3501 requiratur.
524 3418 567 3483 Et
589 3441 648 3504 ego
672 3420 773 3504 spinis
788 3420 890 3484 vallor
907 3421 1055 3497 exterius,
1079 3423 1117 3484 ut
1131 3419 1165 3482 in
1181 3439 1247 3482 esse
1262 3417 1323 3481 sim
1339 3418 1437 3479 tutus.

251 3546 276 3584 so
291 3519 343 3586 Sic
365 3521 468 3607 Moysi
491 3521 586 3588 facies
609 3524 768 3589 luminoso
798 3525 955 3589 velamine
984 3523 1131 3589 conditur
1160 3531 1193 3587 et
1223 3519 1438 3587 sanctuarium

289 3625 349 3690 Dei
373 3627 544 3712 multiplici
567 3629 706 3712 undique
726 3631 922 3712 operimento
939 3629 1069 3695 velatur.
1116 3627 1150 3695 Si
1164 3627 1283 3693 audisti
1298 3623 1438 3689 formioae

291 3731 459 3796 consilinm
483 3730 592 3795 datum
623 3731 827 3798 chamelionti
850 3733 1003 3818 glorianti
1027 3733 1191 3797 decolore
1214 3751 1309 3795 aureo
1332 3728 1438 3793 etlae·

289 3837 384 3912 tanti,
397 3835 456 3901 hoc
465 3837 567 3922 ipsum
577 3837 764 3903 tibidictum
774 3841 835 3903 est:
849 3840 958 3904 claude
967 3839 1091 3904 oculum
1102 3842 1134 3902 et
1143 3837 1205 3901 eris
1214 3835 1247 3899 in
1256 3856 1329 3899 vora
1336 3832 1438 3921 gloria
1482 3861 1488 3874 ·

290 3941 462 4006 stabilitus.
493 3939 579 4006 Nam
598 3943 718 4008 duobus
731 3944 917 4028 superciliis,
941 3947 977 4008 ut
989 3944 1132 4008 clausurn
1143 3941 1275 4006 firmiori
1289 3942 1438 4017 servetur,

250 4067 276 4106 as
293 4045 449 4111 clauditur
473 4047 583 4111 oculus
606 4051 638 4112 et
660 4069 724 4112 uno
743 4051 880 4127 tantum,
904 4053 941 4112 ut
956 4071 1028 4113 raro
1044 4069 1196 4132 suspensa
1211 4047 1254 4110 sit
1276 4043 1437 4129 palpebra,

290 4153 445 4237 aperitur.
491 4150 559 4228 Quo
582 4152 665 4218 dicto
688 4175 854 4219 recensens
879 4175 912 4219 se
934 4153 1203 4219 admirabiliorem
1224 4171 1347 4235 pavone
1369 4169 1439 4215 eum

289 4253 430 4339 reliquit.
