3058 4946
640 332 701 396 127

99 505 220 582 iaciunt,
240 527 274 571 se
297 506 483 592 reipublicae
505 525 599 570 causa
622 503 732 582 facere,
756 503 810 567 sed
833 503 869 567 in
890 501 1013 586 primis,
1036 524 1176 570 amorem
1191 525 1240 569 re-

99 611 218 698 ἰίςίοιιὶε
239 617 337 696 atque
353 612 497 676 studium
513 610 675 688 simulant,
700 613 737 674 nt
751 606 887 692 populus
903 611 936 672 et
951 607 1103 674 libentius
1121 612 1239 695 pareat,
1300 640 1302 644 ·

99 716 232 781 etDeum
253 719 377 781 metuat
400 717 548 791 ultorem,
570 714 597 778 si
618 735 712 798 quam
727 713 805 796 ipsis
820 713 883 777 vim
899 711 1027 790 inferat,
1043 713 1241 780 Excedentes

100 825 185 888 etiarn
207 821 288 886 viros
312 819 490 885 honoribus
513 825 631 904 augent
654 817 843 901 aliquando,
871 823 907 882 ut
924 817 1060 899 justitiae
1082 820 1241 886 retineant

99 927 287 1009 opinionem,
311 925 489 1009 iisdemque
510 923 703 1000 virtutibus,
735 939 813 1006 quas
836 922 869 986 in
893 921 965 986 aliis
988 925 1020 986 et
1043 922 1171 990 laudare
1193 927 1254 991 vi··

99 1031 202 1094 dentur
222 1035 255 1094 et
276 1029 443 1107 admirari,
467 1027 636 1092 credantur
658 1025 720 1110 ipsi
742 1045 866 1109 qnoque
887 1047 954 1090 esse
975 1029 1090 1093 ornati.
1126 1028 1243 1096 Nonne

99 1135 193 1219 palem
222 1135 280 1200 has
315 1139 403 1200 artes
437 1131 557 1198 omneis
589 1131 772 1216 conspicitis
802 1130 834 1194 in
867 1131 947 1195 illo?
992 1131 1173 1199 Cavendum
1194 1141 1243 1201 est

100 1245 195 1325 itique
215 1221 305 1307 vobis
327 1241 555 1324 maximopere.
1169 1253 1173 1260 “

177 1345 312 1432 Propter
335 1346 507 1412 facultates
530 1365 566 1409 ac
591 1365 666 1428 opes
689 1342 891 1408 ecelesiarum
913 1347 989 1407 nata
1012 1347 1060 1408 eet
1083 1343 1169 1409 inter
1191 1367 1244 1410 vos

101 1455 130 1513 et
148 1457 243 1530 anch,
267 1455 357 1518 sicut
378 1451 521 1537 plerique
536 1471 644 1514 omnes
660 1451 787 1532 putant,
811 1447 955 1512 odiorum
971 1449 1135 1518 acerbitas.
1168 1449 1243 1518 Non

100 1561 142 1619 st
159 1555 254 1642 digna
276 1561 360 1623 satis
384 1577 485 1640 neque
507 1554 635 1620 laudata
657 1575 761 1632 causa,
787 1575 843 1620 cnr
858 1553 891 1618 in
908 1560 1054 1620 mutuum
1070 1557 1242 1640 perniciem

102 1661 268 1742 conjuretis
313 1661 393 1738 Vos,
417 1661 531 1746 quibus
553 1663 602 1725 est
624 1659 727 1724 invisa
749 1659 998 1724 Romanensinm
1021 1663 1173 1745 nequitia,
1197 1662 1244 1728 sic

104 1785 150 1830 ros
176 1773 382 1852 comparate,
418 1768 452 1832 in
483 1788 597 1850 eosque
627 1787 702 1830 usus
733 1764 870 1830 ecclesie
899 1786 1137 1849 pauperumque
1160 1766 1243 1832 bona

103 1872 272 1948 convertite,
296 1895 340 1936 ne
364 1893 427 1955 qua
448 1871 594 1955 deinceps
615 1871 738 1935 oriatur
759 1869 907 1954 euspicio,
930 1871 1032 1956 magis
1048 1873 1242 1938 emolumen-

103 1977 165 2038 tum
196 1981 340 2060 spectare
372 1997 428 2041 ros
460 1981 492 2040 et
524 1977 743 2058 compendium
779 1978 918 2040 vestrum
952 1997 1047 2060 quam
1081 1977 1244 2063 religionis

104 2081 395 2164 propugnationem.
447 2079 508 2156 Qui
539 2081 621 2145 male
653 2080 742 2145 vobis
773 2081 926 2165 cupiunt,
959 2079 1127 2145 admodum
1158 2081 1243 2146 istud

103 2189 295 2270 exsfflerant,
327 2207 430 2269 eoque
451 2207 505 2251 vos
526 2188 653 2252 nomine
676 2187 816 2272 graviter
839 2207 903 2250 uon
926 2185 1023 2250 semel
1045 2191 1242 2252 accusarunt.

104 2285 141 2352 dt
159 2311 340 2375 quanquam
364 2313 429 2356 non
451 2292 581 2358 dubium
603 2297 671 2370 est,
703 2293 782 2376 quin
811 2291 970 2375 plerisque
999 2291 1097 2354 nestri
1125 2290 1244 2355 ordinis

104 2393 210 2476 injuris
229 2395 297 2472 fiat,
322 2399 434 2460 tamen
457 2401 506 2462 est
528 2397 661 2462 fortasse
683 2419 748 2461 non
771 2417 864 2461 nemo
886 2394 1071 2480 culpandos.
1115 2394 1244 2472 Quoties

103 2498 138 2562 sd
159 2499 235 2566 hane
256 2501 516 2566 criminationem
539 2501 744 2585 respondetis,
767 2501 946 2578 affirmatis,
969 2500 1113 2565 omnium
1135 2521 1244 2564 eorum

104 2601 247 2670 bonomm
270 2627 328 2670 vos
352 2605 529 2670 reddituros
553 2605 686 2690 fissdelem
707 2609 740 2670 et
771 2611 913 2670 exactam
940 2605 1114 2683 rationem,
1148 2625 1247 2688 eoque

104 2708 167 2792 ipso
187 2715 268 2776 certe
292 2711 453 2788 fatemini,
476 2711 600 2794 quidvis
622 2712 728 2794 potius
751 2711 930 2776 faciendum
944 2731 1011 2774 esse
1027 2710 1126 2790 vobis,
1150 2731 1246 2795 quam

103 2819 137 2877 nt
158 2815 296 2882 homines
319 2816 514 2894 existiment,
538 2837 591 2880 vos
614 2816 671 2881 illa
693 2816 781 2880 vobis
805 2815 901 2899 ipsis,
926 2837 989 2880 non
1013 2815 1109 2880 etiam
1130 2815 1192 2900 piis
1215 2820 1248 2881 et

103 2921 276 2985 mnis
297 2920 423 2997 usibus,
447 2919 642 3004 impendisse.
688 2920 762 2998 Vos,
786 2921 841 3004 qui
864 2943 922 3005 pro
944 2920 1135 3000 retinendis,
1167 2944 1246 3006 quas

105 3023 194 3088 veluti
217 3047 274 3109 per
306 3046 423 3090 manus
454 3025 635 3109 accepistis,
670 3025 870 3090 ecclesiarum
899 3025 1012 3108 opibus
1045 3027 1247 3107 contenditis,

104 3128 192 3194 etism
222 3135 321 3214 atque
351 3130 451 3194 etiam
481 3129 632 3215 cogitate,
666 3129 928 3215 quemadmodum
960 3133 992 3194 et
1014 3151 1092 3214 quos
1115 3132 1148 3195 in
1173 3153 1248 3196 usus

105 3231 161 3296 iles
181 3235 246 3298 sint
268 3235 349 3300 olim
371 3233 573 3312 contributae,
597 3235 752 3318 respicite,
777 3257 872 3319 quam
891 3257 929 3300 ex
945 3234 1035 3298 vobis
1052 3256 1143 3298 nemo
1158 3256 1249 3298 suum

19 3347 20 3418 ζ
105 3333 191 3402 fmiat
212 3340 368 3416 officium,
393 3339 573 3423 proponite,
596 3360 692 3423 quam
713 3339 780 3404 sint
802 3339 896 3404 multi
919 3338 998 3403 facti
1020 3338 1128 3402 miseri
1143 3341 1248 3402 vestra

104 3443 206 3526 eulpa,
240 3447 371 3531 quando
402 3446 519 3510 vietum
542 3449 574 3510 et
595 3445 780 3510 alimoniam
802 3446 879 3531 ipsis
911 3443 1051 3509 debitam
1079 3462 1134 3506 vos
1168 3463 1248 3524 prae·

106 3547 240 3630 ripnistis
262 3557 296 3615 et
320 3551 381 3614 soli
404 3549 590 3631 dissipastis.
635 3548 720 3616 Nam
742 3551 769 3615 si
791 3555 867 3614 sunt
889 3546 1028 3614 ecclesie
1050 3547 1143 3624 bona,
1168 3547 1250 3610 sicut

106 3651 161 3734 ipsi
180 3653 338 3732 fatemini,
362 3655 475 3734 videte,
500 3677 574 3720 num
598 3677 636 3720 ea
657 3656 724 3720 sint
745 3655 947 3740 percipienda
970 3653 1070 3729 vobis,
1099 3651 1153 3736 qui
1177 3650 1250 3714 nnl-

107 3753 165 3822 lum
193 3759 331 3826 ccclesiae
361 3782 477 3826 munus
506 3781 615 3826 verum
646 3765 678 3825 et
699 3761 910 3825 necessarium
932 3780 1073 3842 unquam
1095 3755 1250 3820 obivistis.

107 3859 228 3944 Optima
250 3887 386 3950 quaeque
407 3865 558 3930 facillime
580 3870 825 3949 corrumpuntur
840 3869 873 3930 et
888 3865 1097 3950 degenerant:
1120 3860 1252 3954 inerunt

108 3965 268 4050 aliquando
291 3971 429 4054 majores
451 3971 557 4047 vestri,
579 3971 632 4035 sed
656 3971 765 4036 multis
788 3975 863 4034 ante
884 3969 1006 4035 saeculis
1030 3967 1136 4032 fideles
1152 3964 1249 4032 ecole-

109 4071 217 4138 siarum
238 4074 392 4152 ministri,
415 4079 449 4140 et
471 4075 619 4158 quamdiu
643 4075 723 4140 tales
745 4079 847 4152 erant,
871 4074 952 4139 nihil
975 4094 1027 4139 eos
1047 4073 1167 4139 diviua
1184 4092 1250 4136 mo-

112 4175 226 4256 vebant,
249 4179 289 4244 ad
312 4199 394 4262 quas
416 4183 623 4262 posteaquam
646 4179 835 4244 adiecissent
864 4179 1023 4258 animum,
1055 4179 1166 4244 statim
1196 4197 1252 4241 ne-

113 4279 222 4364 gligere
236 4287 405 4369 coeperunt
419 4283 569 4361 officium,
593 4285 694 4369 magis
711 4291 807 4369 atque
824 4286 937 4370 magis,
960 4286 1058 4350 donec
1073 4305 1109 4349 eo
1124 4281 1253 4348 tandem

117 4391 232 4452 vatum
250 4395 308 4468 est,
332 4393 371 4454 ut
385 4387 627 4454 ecclesiasticum
643 4389 786 4455 ordinem
803 4410 894 4454 nemo
910 4389 1076 4475 qnisquam
1091 4389 1255 4454 affectaret
