3058 4946
790 313 852 374 114

240 485 342 552 Deum
365 482 587 559 immortalem,
611 486 749 566 quantus
773 481 818 545 ibi
840 479 996 560 fremitus,
1025 486 1145 567 quanta
1166 484 1336 567 consurget
1359 480 1395 546 in

240 613 294 655 vos
315 587 481 652 hominum
505 587 693 670 indignatio.
727 586 786 651 Sed
804 607 868 650 non
892 587 938 651 ita
961 587 1042 650 serio
1064 585 1199 652 fortasse
1220 586 1392 652 concilium

239 694 371 780 urgetis,
394 695 431 756 ut
454 695 585 774 apparet
607 712 645 754 ex
670 691 725 754 illa
748 694 852 756 vestra
876 691 1109 755 consultatione
1123 691 1296 775 proposita.
1329 691 1394 770 Qui

240 803 345 886 potest
367 797 451 862 enim
475 817 538 859 uno
561 795 732 880 eodemque
755 801 898 879 tempore
919 799 953 860 et
975 796 1045 880 cogi
1076 796 1245 860 concilium
1269 799 1301 860 et
1321 795 1391 860 bel·

240 907 306 970 lum
330 906 362 968 in
387 901 521 966 'l'uream
545 898 685 982 suscipi?
730 897 856 963 Pariter
878 899 940 963 ista
962 899 1031 963 fieri
1054 920 1118 963 non
1151 902 1302 983 possunt,
1336 921 1394 984 per

241 1007 408 1074 intervalla
441 1006 612 1089 poterunt,
647 1003 707 1066 hoc
736 1001 797 1085 ipsi
828 1024 892 1066 non
916 1003 1092 1087 ignoratis,
1127 1003 1246 1089 alioqui
1270 1003 1393 1070 nullam

240 1113 336 1180 eratis
358 1110 473 1175 facturi
496 1106 698 1171 mentionem,
733 1104 879 1170 Graviter
899 1105 961 1170 fuit
984 1109 1205 1192 interpellatus
1226 1109 1291 1174 Leo
1312 1131 1394 1193 pon-

223 1290 225 1294 ·
241 1220 319 1284 tifex
335 1218 372 1281 de
388 1215 531 1290 concilio,
554 1211 607 1276 sed
624 1215 693 1275 tum
709 1232 823 1274 noram
839 1210 904 1275 fuit
920 1213 1101 1296 auspicatus
1121 1211 1176 1276 ille
1191 1213 1391 1299 tragoediam,

240 1325 327 1408 cujus
350 1342 446 1406 quarn
469 1319 512 1382 sit
533 1318 696 1381 luctuosus
719 1321 751 1380 et
773 1315 918 1382 funestus
942 1319 1054 1394 exitus,
1077 1319 1174 1382 etiam
1197 1319 1291 1384 hodie
1313 1319 1392 1386 satis

241 1427 428 1513 experimur.
475 1423 635 1487 Adrianus
658 1419 824 1486 videbatur
854 1444 919 1486 esse
949 1423 1043 1505 paulo
1073 1423 1262 1506 simplicior,
1297 1447 1393 1509 quam

241 1535 296 1617 qui
319 1531 431 1595 restris
454 1527 594 1592 moribus
626 1529 826 1604 convenirem
862 1529 1037 1612 cujusmodi
1069 1530 1166 1594 etiam
1198 1530 1296 1595 fuerit
1326 1532 1395 1616 ejus

241 1639 399 1714 interitus,
424 1655 487 1697 non
511 1633 648 1697 nescitis.
689 1633 750 1709 Qui
773 1633 921 1697 suecessit
943 1633 1016 1698 huie
1036 1631 1040 1720 Ι
1061 1633 1206 1699 Clemens
1230 1657 1321 1720 papa,
1344 1635 1391 1700 sio

242 1743 309 1828 egit
331 1745 363 1805 ei
385 1740 467 1803 vixit
489 1741 558 1802 toto
583 1737 631 1801 sui
655 1737 860 1822 pontificatus
880 1723 1031 1822 tempore,
1055 1743 1090 1802 ut
1107 1739 1160 1822 qui
1177 1740 1392 1805 innocentiam

241 1847 307 1930 ejus
330 1845 407 1908 velit
421 1841 603 1906 hominibus
619 1841 804 1926 approbare,
829 1843 909 1908 nihil
925 1844 1012 1908 aliud
1027 1849 1112 1928 agat,
1137 1867 1232 1929 quam
1247 1849 1284 1910 ut
1298 1845 1393 1910 fidem

241 1953 275 2016 in
299 1951 391 2015 rebus
414 1948 485 2012 aliis
509 1946 656 2011 omnibus
679 1947 746 2030 ipse
769 1948 830 2011 sibi
858 1950 996 2034 deroget.
1035 1947 1129 2013 Paene
1152 1949 1310 2015 exciderat
1332 1949 1392 2015 Ju-

241 2057 302 2121 lius
327 2054 380 2118 ille
404 2056 640 2128 sacrosanctum

241 2185 313 2227 oum
335 2159 501 2244 impetrari
524 2178 589 2222 non
611 2160 718 2241 posset
741 2156 781 2221 eb
804 2178 840 2222 eo
860 2157 1040 2235 concilium,
1061 2159 1201 2244 adeoque
1215 2157 1395 2223 monarchae

809 2279 827 2319 a

241 2365 368 2436 meissen
391 2367 555 2447 adlessen,
589 2368 665 2432 umb
688 2368 822 2433 weloher
846 2335 1008 2433 Articlreln
1033 2368 1159 2446 willen,
1193 2368 1242 2446 ir,
1274 2390 1309 2433 so
1330 2367 1393 2432 viel

241 2477 358 2540 l'romer
381 2473 607 2556 unschuldiger
630 2474 706 2550 leut,
730 2474 791 2537 ietz
808 2473 986 2556 etliohejar
1000 2473 1133 2558 vertilgt
1147 2473 1276 2569 habent.
1315 2471 1395 2536 Was

241 2601 383 2665 grosser,
418 2577 643 2642 erbarmlioher
674 2576 870 2662 anolagung,
903 2577 999 2642 wirdt
1030 2578 1099 2642 sich
1128 2578 1267 2643 daselbst
1296 2576 1394 2641 wider

241 2685 320 2750 euch
344 2683 418 2766 (wie
440 2681 564 2766 billich)
589 2681 782 2766 erheben?†
827 2681 859 2746 lr
882 2684 997 2747 werdts
1027 2683 1102 2748 aber
1132 2681 1285 2747 mildam
1308 2680 1392 2746 Con·

241 2790 324 2866 cilio,
348 2788 389 2854 ob
412 2787 475 2852 Got
497 2788 579 2865 will,
616 2789 666 2850 nit
688 2810 722 2851 so
745 2787 900 2852 ernstlich
922 2787 1067 2866 meinen,
1101 2787 1147 2852 als
1180 2787 1208 2851 ir
1230 2787 1309 2852 euch
1332 2809 1391 2850 an-

241 2896 386 2970 nement,
418 2892 479 2956 wie
509 2892 593 2956 daun
624 2915 680 2958 aus
705 2915 817 2957 ewerm
842 2892 1006 2978 gegebnen
1030 2891 1213 2978 radtschlag
1235 2895 1274 2957 zu
1296 2891 1393 2956 sehen

240 2999 292 3063 ist.
338 2996 431 3060 Dann
456 2995 515 3060 wie
537 2997 595 3060 ists
618 2997 772 3082 mdglieh,
807 3003 844 3063 zui
873 2999 977 3088 einer·
993 2997 1054 3063 zeit
1076 2996 1131 3061 das
1155 2996 1331 3062 Concilium
1355 2999 1394 3061 ah

241 3102 360 3180 holten,
383 3101 447 3164 und
471 3121 572 3184 gegen
597 3103 656 3166 den
680 3102 826 3167 Tiireken
849 3107 887 3168 zh
910 3103 1032 3178 eichen,
1065 3102 1124 3166 wie
1147 3103 1175 3166 ir
1199 3097 1392 3186 fingebant?

240 3206 283 3272 Fa
305 3211 375 3272 mlle
398 3227 437 3291 ye
459 3204 527 3270 eins
550 3228 616 3284 vor,
641 3209 695 3270 das
716 3207 814 3272 ander
831 3207 910 3272 nach
927 3206 1112 3284 beschehen,
1136 3205 1308 3290 samptlioh
1331 3205 1395 3270 kan

241 3335 273 3377 es
296 3313 347 3376 nit
369 3312 457 3389 sein,
492 3311 547 3375 das
577 3313 706 3377 wissent
728 3313 757 3376 ir
780 3312 860 3390 wel,
897 3315 986 3376 sonet
1009 3307 1152 3376 whrdent
1175 3312 1203 3375 ir
1225 3311 1286 3374 wel
1309 3308 1394 3374 still·

241 3417 426 3502 sohweigen.
454 3417 542 3481 Beim
555 3417 659 3482 Leone
675 3418 820 3483 hotmen
837 3419 968 3483 darhmb
979 3414 1164 3504 angesllcht,
1178 3415 1253 3478 aber
1264 3435 1298 3478 er
1309 3413 1396 3498 fieng

241 3523 291 3584 ein
315 3521 413 3584 ander
434 3521 497 3604 spil
520 3528 590 3600 'au,
625 3523 681 3588 das
709 3523 775 3587 aeid
800 3523 857 3588 her
879 3524 923 3586 vil
947 3526 1074 3587 teusent
1096 3517 1265 3584 menschen
1288 3518 1395 3581 hustet

241 3627 317 3705 hat,
351 3627 416 3689 und
449 3627 530 3692 noch
564 3629 614 3691 nit
636 3629 836 3714 auligespilet
859 3629 909 3692 ist.
957 3627 1021 3692 Der
1044 3625 1205 3690 Adrianus
1228 3644 1293 3686 war
1315 3621 1396 3686 euch

240 3735 278 3797 all
301 3730 456 3816 einfeltig,
481 3732 509 3795 ir
531 3737 663 3818 m'ogent
684 3734 808 3810 wissen,
837 3733 896 3797 wie
918 3754 953 3796 er
974 3735 1041 3796 sein
1066 3729 1127 3795 end
1150 3749 1305 3815 genomen
1327 3725 1394 3790 hat

240 3837 408 3921 Dergleich
433 3839 511 3900 nach
536 3839 580 3900 im
603 3839 717 3902 komen
741 3839 793 3917 ist,
819 3860 882 3902 wer
906 3839 997 3901 wolts
1020 3835 1161 3922 gemeint
1181 3834 1305 3912 haben,
1337 3831 1397 3895 be-

240 3944 344 4024 gerets
367 3940 522 4019 hdohlich,
545 3943 609 4006 und
633 3944 755 4008 mochts
778 3944 828 4007 nit
851 3943 1004 4009 erhalten.
1040 3943 1112 4008 Und
1137 3939 1258 4004 dieweil
1282 3937 1393 4022 yeder·

240 4066 312 4106 man
337 4045 459 4129 kundig
484 4047 535 4123 iet,
560 4048 618 4112 wie
642 4071 676 4111 er
697 4048 777 4112 haus
800 4048 949 4133 gehalten
972 4047 1039 4126 hat,
1063 4046 1159 4110 darffs
1182 4043 1293 4108 keiner
1315 4041 1390 4107 wei-

239 4153 310 4212 tern
334 4150 492 4234 eradlung.
540 4152 595 4216 leh
618 4154 709 4218 hiitte
732 4152 818 4216 schir
840 4175 1024 4239 vergessen,
1057 4173 1117 4216 ron
1141 4148 1246 4230 Juli0,
1281 4146 1395 4212 neohst

240 4275 296 4318 vor
319 4253 388 4316 dem
411 4255 525 4334 Leone,
550 4262 589 4322 ah
611 4279 719 4342 sagea.

326 4359 418 4426 Naoh
441 4361 509 4426 dero
534 4385 608 4427 man
632 4365 725 4449 lange
748 4364 826 4443 neit,
850 4363 1051 4450 vergeblieh,
1075 4363 1125 4428 bei
1148 4364 1209 4444 im,
1233 4362 1288 4426 dee
1311 4357 1397 4424 Gon·
