3172 4958
839 343 999 405 28·

290 517 399 581 condit
421 521 453 580 et
475 515 611 580 radicem
633 514 789 581 vivificam
813 516 847 579 in
864 514 1069 600 profundiore
1084 513 1186 578 solida
1201 514 1314 598 plante
1326 515 1446 581 mittit

290 622 341 687 Sic
364 622 501 686 medulla
525 621 687 685 carissima
709 621 743 685 in
766 620 889 684 ossibus
904 621 1001 685 latuit
1023 624 1055 684 et
1069 620 1156 683 usus
1172 640 1330 704 gemmam
1345 643 1448 706 gran-

291 727 417 790 dineam
447 725 530 790 Deus
562 725 622 789 suh
655 730 774 809 septem
806 726 986 791 tunicarum
1009 725 1230 808 hemispheriis
1262 725 1446 793 collocavit.

291 831 452 896 Nimirum
475 851 510 893 os
533 831 713 914 sapientum
736 831 769 894 in
794 831 940 896 cordibus
963 852 1082 909 eorum,
1112 831 1262 914 quoniam
1286 830 1345 896 hoo
1367 833 1445 915 qui-

265 953 278 990 ⁶
293 937 363 1002 dem
387 937 426 1000 iis
442 938 537 1000 nimis
553 936 762 1013 carissimum,
786 943 822 1001 ut
844 937 889 1001 sic
911 937 1048 1001 celatum
1070 937 1153 1000 toret
1176 939 1209 1000 et
1223 957 1243 999 a
1257 935 1351 1000 corde
1367 957 1446 1020 pos-

290 1065 407 1107 sessum
431 1042 465 1105 in
489 1040 584 1106 archa
606 1042 680 1105 vitae
703 1041 879 1126 depositum
902 1042 1155 1108 absconderetur.
1201 1039 1261 1106 Sed
1290 1061 1344 1105 oor
1359 1041 1446 1105 stul-

290 1151 396 1212 torum
420 1147 452 1209 in
476 1167 530 1210 ore
553 1146 703 1229 ipsorum,
728 1147 803 1230 quia
825 1167 859 1211 os
882 1147 968 1210 iniis
992 1147 1095 1212 cordis
1116 1151 1206 1210 tenet
1227 1144 1405 1210 dominium
1420 1145 1445 1224 ¹,

290 1255 324 1315 et
346 1256 490 1335 apertum
513 1249 623 1333 pectus
635 1251 787 1316 habentes
804 1257 836 1316 et
847 1252 1110 1338 parvipendentes
1128 1273 1182 1316 cor
1194 1251 1256 1316 leri
1283 1273 1360 1316 aura
1382 1250 1448 1316 hoe

291 1357 390 1421 levius
420 1359 584 1432 evomunt,
617 1356 821 1439 quamobrem
843 1357 997 1422 citissime
1018 1359 1170 1440 pereunt,
1203 1356 1352 1439 quoniam
1384 1377 1446 1443 pro

253 1477 278 1514 ¹⁰
292 1460 394 1525 nihilo
419 1461 491 1524 vitae
513 1481 624 1523 venera
654 1460 831 1526 effundunt.
879 1462 1000 1540 Quibus
1033 1462 1204 1546 diligenter
1233 1463 1353 1526 notatis
1386 1461 1448 1525 illa

292 1565 337 1629 sio
360 1566 450 1629 docte
472 1564 625 1630 discessit.

292 1771 457 1838 Omnem
471 1773 778 1840 adversitatem
794 1776 1010 1854 utvincas‚
1035 1776 1266 1860 patientia
1284 1774 1446 1840 vallet⁹

663 1883 706 1944 te
728 1881 1067 1966 magnanimitas.

434 2052 489 2117 De
511 2075 649 2138 grano
671 2052 876 2118 frumenti
898 2058 937 2118 et
959 2052 1118 2137 lepide,
1142 2075 1208 2138 cap.
1234 2058 1285 2119 21.

254 2219 280 2258 n
382 2192 548 2257 Frumenti
577 2213 712 2278 gruum
744 2193 917 2276 projectum
951 2191 984 2256 in
1015 2195 1099 2256 terra
1134 2198 1166 2257 et
1189 2197 1350 2259 mortuum
1373 2217 1447 2262 cum

291 2297 383 2382 juxta
405 2296 522 2368 siccum
545 2296 681 2380 lapidem
705 2296 909 2380 pullulasset,
941 2294 992 2361 hic
1023 2296 1197 2363 admiratus
1219 2299 1266 2363 ita
1288 2299 1390 2363 fertur
1416 2301 1445 2364 ei

294 2403 426 2468 dixisse:
449 2405 532 2468 unde
555 2401 613 2468 tibi
637 2402 775 2466 contrito
798 2405 831 2466 et
845 2405 971 2466 mortuo
987 2402 1119 2487 spiritus
1135 2402 1346 2489 germinandi,
1370 2426 1446 2468 cum

294 2529 353 2593 ego
383 2509 457 2573 dum
479 2511 640 2586 conteror,
673 2529 709 2571 eo
732 2507 855 2591 perdor,
878 2507 905 2570 si
929 2529 998 2571 sum
1021 2508 1055 2570 in
1078 2530 1161 2593 equs
1180 2508 1363 2593 profunde?
1385 2507 1445 2573 Cui

294 2635 430 2698 manum
453 2613 632 2698 respondit:
656 2613 716 2677 hoc
738 2613 828 2693 mihi,
852 2613 1023 2689 carissime,
1047 2614 1175 2677 virtutis
1199 2635 1237 2678 er
1260 2612 1445 2698 granditate

256 2743 281 2782 20
295 2719 471 2804 contingit,
501 2740 564 2802 quo
585 2719 638 2799 fit,
672 2724 708 2784 ut
737 2720 842 2804 passio
874 2742 944 2784 mea
977 2720 1020 2784 eit
1053 2720 1135 2784 actio
1162 2724 1194 2783 et
1217 2720 1292 2784 dum
1315 2720 1443 2796 morior,

293 2822 454 2889 revivisco.
502 2823 618 2888 Rerum
641 2824 783 2888 enimin
806 2824 925 2888 virtute
949 2823 1158 2889 maximarum
1181 2829 1258 2888 tuuc
1273 2824 1376 2910 magis
1391 2823 1444 2886 in-

293 2929 436 2992 tenditur
460 2929 609 3007 valitudo,
634 2950 703 2992 cum
727 2951 834 3005 earum
859 2929 1035 2993 conteritur
1056 2932 1113 2993 aut
1134 2929 1271 2994 moritur
1294 2947 1446 3012 corporea

293 3034 489 3119 magnitudo.
526 3033 687 3098 Nimirum
704 3033 818 3097 Foenix
833 3037 960 3098 mortus
982 3037 1114 3119 generat
1136 3037 1169 3098 et
1191 3032 1444 3098 cinamomiaro·

293 3139 536 3222 maticaspecies
552 3139 631 3202 trita
645 3138 818 3203 fortissime
833 3140 905 3222 plus
921 3139 1107 3205 inflammat.
1137 3139 1182 3203 At
1197 3139 1316 3203 veroin
1330 3136 1445 3221 quihus

258 3268 283 3306 aa
297 3245 401 3310 minus
425 3245 573 3329 praevalet
596 3243 707 3322 virtue,
732 3266 770 3309 ex
784 3244 977 3310 contritione
1000 3243 1179 3327 hujusmodi
1195 3242 1444 3308 confunduntur.

294 3349 528 3416 Pretiositatem
552 3371 690 3434 namque
712 3351 905 3416 dracontidis
928 3350 1034 3434 perdit
1056 3349 1159 3426 draco,
1184 3370 1255 3413 curn
1278 3369 1315 3412 eo
1330 3349 1358 3412 si
1373 3368 1442 3411 mo-

261 3463 265 3473 '
293 3455 385 3530 ritur‚
402 3459 435 3519 et
446 3476 577 3540 magnes
590 3477 653 3520 non
666 3455 811 3534 attrahit,
828 3456 855 3520 si
869 3457 1002 3520 teratur.
1033 3454 1084 3519 Sic
1092 3453 1255 3518 infirmnm
1267 3451 1446 3516 membrum

293 3562 362 3625 sine
374 3561 480 3625 dolore
494 3562 585 3645 tangi
602 3582 666 3624 non
679 3561 801 3644 patitur
824 3565 856 3625 et
871 3583 984 3625 sanum
1000 3560 1235 3645 oumtangitur‚
1260 3557 1443 3622 delectatur.

293 3666 367 3731 Non
392 3666 518 3743 audisti,
546 3666 629 3749 quod
659 3665 816 3730 virtuosus
840 3687 911 3730 cum
934 3687 972 3729 ex
995 3665 1133 3730 adversis
1157 3663 1342 3740 conteritur,
1366 3665 1444 3726 tuuc

255 3792 282 3831 ao
295 3771 530 3856 magnanimior
561 3771 745 3834 invenitur?
779 3770 818 3833 ln
851 3771 1033 3835 calamitate
1066 3770 1222 3854 siquidem
1255 3767 1354 3832 sumit
1388 3787 1446 3852 per

293 3877 430 3959 amplius
457 3875 607 3960 spiritum
638 3880 669 3940 et
692 3875 923 3960 triumphativa
947 3877 1029 3941 ratio
1058 3879 1127 3940 tum
1150 3873 1368 3938 vehementius
1392 3893 1445 3936 ro-

293 3981 432 4046 boratur.
479 3981 601 4064 Quippe
624 3981 652 4045 si
675 3981 859 4065 flagellatur
877 3981 961 4065 juste
984 3980 1024 4046 ab
1047 4001 1105 4057 eo,
1130 4001 1224 4063 quem
1247 3978 1323 4042 olim
1345 3976 1446 4041 offen-

293 4087 357 4164 dit,
381 4091 487 4172 grates
499 4086 579 4171 agit
601 4087 821 4169 equanimiter
836 4087 1000 4151 tolerando
1016 4085 1196 4162 fortissime,
1224 4082 1371 4148 emendat
1387 4101 1445 4165 po·

293 4196 408 4271 tenter,
434 4192 517 4276 quod
529 4194 638 4276 egerat
660 4191 810 4270 molliter,
833 4213 1016 4274 perversum
1039 4189 1177 4274 turpiter
1194 4189 1375 4253 ordinatum
1390 4185 1445 4251 de·

861 4311 879 4352 s

368 4418 381 4471 l
401 4415 512 4472 Audere
531 4415 620 4472 lesen:
640 4414 721 4472 corde
738 4417 818 4472 tenet
835 4414 988 4472 dominum.
1072 4415 1089 4470 2
1107 4412 1233 4470 Ardere:
1252 4411 1331 4467 valet
1348 4425 1446 4481 magu.
