3172 4962
811 314 872 379 14:

263 489 301 550 ut
322 485 479 570 possimus
508 485 607 552 etiam
638 487 671 551 in
704 485 754 550 die
782 487 985 569 perlustrare.
1032 487 1156 566 Quibus
1186 492 1326 555 creator:
1355 489 1426 554 boe

263 611 327 654 uon
351 588 444 666 lieet,
468 590 619 673 quoniam
642 590 689 654 sol
713 593 762 654 est
782 589 846 654 diei
869 595 1018 670 ornator,
1051 591 1203 658 horarum
1224 593 1425 659 distributor

263 699 296 760 et
330 695 421 780 origo
453 693 596 760 omnium
634 695 834 760 nascentium
871 700 904 761 et
938 696 1009 761 siue
1043 697 1112 781 ipso
1141 697 1226 762 uibil
1258 699 1426 782 pullulare

262 803 379 883 potest,
402 800 534 883 ideoque
556 821 663 884 preces
686 805 808 866 vestras
830 800 864 865 iu
887 799 948 866 hoe
969 821 1034 866 uon
1058 801 1232 867 exaudiam.
1280 802 1423 869 Domum

236 904 363 970 estella
385 927 404 970 a
425 909 567 970 creatore
589 905 751 990 petierunt
772 905 929 970 dieentes:
951 927 971 970 ο
994 906 1140 972 eonditor
1162 909 1304 973 omnium
1326 929 1422 974 ersa-

263 1015 417 1087 terarum,
441 1009 480 1074 ad
504 1009 610 1074 miuus
632 1009 666 1073 iu
692 1010 752 1075 hoe
778 1009 893 1074 exaudi
923 1012 997 1075 nost
1029 1013 1151 1078 exsicca
1178 1033 1257 1098 ergo
1285 1017 1318 1077 st
1346 1012 1423 1076 delo

264 1113 395 1179 nebulas
423 1113 461 1180 de
488 1118 575 1190 adra,
607 1113 663 1196 qui
692 1113 859 1198 impedivit
889 1112 997 1179 lumen
1022 1118 1176 1182 nostrum.
1221 1113 1296 1181 Nou
1326 1116 1419 1181 enim

228 1291 232 1300 ¹
262 1222 394 1306 propter
428 1218 560 1284 nebulas
590 1219 799 1302 oontemplari
838 1222 871 1283 et
899 1219 1001 1285 videri
1034 1220 1175 1286 valemus
1216 1219 1416 1286 multotiens.

263 1323 314 1387 Ad
337 1323 396 1388 boe
417 1323 463 1388 ait
486 1328 626 1389 creator:
650 1322 859 1388 obmutescite
881 1326 914 1386 et
935 1323 1057 1407 injusta
1079 1345 1144 1389 nou
1160 1326 1289 1410 petatis,
1312 1325 1417 1408 serip-

224 1447 248 1486 10
264 1434 334 1494 tum
357 1431 405 1492 est
427 1428 512 1492 euim
536 1428 569 1492 in
593 1424 756 1490 Oatboue:
787 1426 871 1510 quod
892 1427 1013 1510 justum
1035 1433 1103 1506 est,
1134 1429 1235 1513 petito
1258 1430 1308 1495 vel
1330 1429 1418 1511 quod

263 1533 408 1598 videatur
437 1531 621 1608 honestum:
655 1530 780 1596 uebulm
813 1531 899 1597 enim
930 1533 1140 1598 inundatione
1171 1555 1227 1598 aua
1261 1534 1416 1598 mundum

262 1639 411 1724 irrigant,
436 1638 550 1702 sinon
573 1638 711 1722 plueret,
735 1640 823 1702 terra
846 1637 978 1702 minime
1000 1638 1181 1722 germinare
1202 1642 1236 1702 et
1256 1623 1423 1724 pullulare

263 1744 391 1809 valeret.
437 1742 482 1808 u:
511 1741 571 1808 hoe
598 1741 706 1806 dicens
727 1741 838 1806 atellae
861 1741 1062 1826 propulsavit
1083 1748 1116 1806 et
1138 1741 1237 1806 dixit:
1270 1743 1327 1825 qui
1350 1763 1417 1806 nou

262 1853 376 1934 petunt
391 1847 538 1913 ordinata
553 1867 655 1930 neque
669 1849 771 1931 grata,
795 1845 1029 1930 propulsentur.
1076 1846 1115 1910 ln
1139 1845 1199 1911 hoe
1216 1851 1314 1930 patet,
1333 1847 1415 1931 quia

223 1972 249 2011 ιι
263 1953 319 2038 qui
341 1951 411 2016 vult
433 1950 592 2027 exaudiri,
615 1950 833 2034 debetpetere
854 1973 901 2028 aa,
928 1972 999 2034 quas
1020 1955 1097 2016 suut
1115 1953 1204 2036 justa
1225 1956 1259 2016 et
1281 1951 1419 2016 honesta

263 2057 303 2123 ad
324 2055 503 2121 faciendum
526 2059 560 2120 et
581 2076 652 2140 quae
674 2057 741 2122 aiut
767 2057 941 2122 seeundum
971 2057 1127 2140 rationem
1158 2061 1190 2120 et
1211 2055 1271 2120 Dei
1302 2054 1417 2120 volun·

262 2164 371 2226 tatem.
421 2158 556 2244 Propter
587 2159 671 2242 quod
704 2159 782 2225 dicit
803 2160 1025 2246 Augustinus:
1057 2181 1204 2236 tumea,
1236 2157 1417 2248 qumDeus

262 2265 372 2330 laudat
394 2269 428 2330 et
449 2264 620 2349 promittit,
643 2264 754 2349 petitis
777 2264 819 2330 ab
841 2264 907 2343 illo,
931 2285 1039 2330 secure
1055 2264 1165 2349 petite,
1188 2263 1244 2328 illa
1258 2264 1344 2328 euim
1360 2285 1417 2348 po·

262 2370 336 2435 tibio
359 2393 379 2435 a
401 2368 467 2435 Deo
490 2369 681 2435 coneeditur.
728 2368 848 2434 Verum
872 2369 958 2434 enim
980 2373 1029 2434 est
1044 2368 1129 2452 quod
1147 2368 1225 2433 dicit
1240 2367 1417 2434 Ysidorus:

222 2493 248 2532 u
261 2474 357 2540 mrulti
389 2478 517 2538 orantes
549 2493 614 2538 non
644 2472 858 2538 exaudiuntur
889 2473 1043 2557 petendo,
1078 2473 1154 2555 quia
1186 2472 1251 2537 illis
1282 2473 1418 2538 meliora

261 2601 357 2664 quam
379 2583 494 2663 petunt
516 2577 603 2644 Deus
624 2577 757 2644 ooufert,
803 2577 914 2644 Refert
943 2579 1029 2644 enim
1052 2577 1171 2644 Seneca
1191 2577 1275 2643 libro
1298 2579 1338 2642 de
1359 2579 1417 2642 ba-

261 2684 394 2760 aericus,
417 2684 501 2768 quod
512 2682 691 2750 Alexander
713 2683 838 2748 cuidam
861 2683 985 2767 petenti
1007 2682 1173 2748 denarium
1189 2682 1276 2747 dedit
1291 2681 1415 2760 urbem,

261 2794 294 2852 et
316 2809 388 2853 eum
410 2788 465 2852 ille
487 2788 606 2852 diceret
629 2792 755 2854 tautum
779 2788 898 2854 donum
920 2787 981 2854 sibi
998 2810 1061 2854 nou
1079 2788 1256 2866 convenire,
1281 2808 1415 2872 respon-

261 2891 327 2958 dit:
357 2913 422 2956 uon
453 2912 559 2975 quero
590 2891 667 2975 quid
695 2895 728 2956 te
754 2891 862 2958 deoeat
883 2892 1043 2976 accipere,
1077 2892 1131 2957 sed
1154 2892 1232 2976 quid
1254 2913 1304 2956 me
1327 2891 1413 2958 dare.

223 3013 248 3052 2⁶
262 2994 316 3062 sie
338 2996 424 3060 enim
445 2995 515 3080 agit
538 2993 633 3072 Deus,
657 2995 732 3078 quia
754 3017 836 3080 saepe
858 2998 961 3079 petita
974 3017 1039 3061 nou
1053 2997 1205 3075 coneedit,
1228 2999 1266 3060 ut
1281 2995 1416 3060 meliora

261 3106 294 3166 st
324 3099 479 3184 ampliora
508 3098 613 3164 donet.
667 3097 710 3164 Et
738 3103 775 3164 ut
805 3099 882 3164 dieit
905 3098 1077 3167 Ysidorus:
1107 3120 1191 3186 saepe
1220 3100 1305 3165 euim
1328 3099 1416 3166 Deus

260 3204 379 3270 multos
403 3225 467 3270 non
491 3203 620 3268 exaudit
641 3203 679 3266 ad
704 3203 912 3280 voluntatem,
935 3209 972 3269 ut
994 3203 1144 3270 exaudiat
1166 3205 1206 3269 ad
1228 3205 1373 3272 salutem

476 3377 532 3442 De
555 3400 653 3442 areu
675 3377 777 3442 ooeli
799 3383 839 3444 et
862 3399 1037 3458 asuero,
1062 3377 1136 3444 dial.
1160 3382 1189 3442 5.

348 3515 451 3582 Arous
478 3516 599 3580 domini
631 3520 705 3601 post
732 3515 887 3580 diluvium
918 3517 1006 3600 prius
1037 3517 1187 3601 apparuit
1217 3518 1414 3586 inpubibus

221 3643 247 3680 ae
261 3625 338 3688 duos
367 3621 486 3686 habeus
519 3619 654 3698 colores,
689 3641 843 3704 aquosum
873 3625 906 3686 et
935 3621 1065 3706 igneum
1088 3627 1218 3706 propter
1242 3627 1414 3688 venturum

257 3725 431 3812 judicium:
454 3723 510 3808 qui
526 3724 700 3808 apparebat
720 3746 777 3809 per
800 3724 1013 3809 quadraginta
1026 3745 1128 3790 annos
1139 3733 1215 3790 ante
1229 3728 1413 3793 aedificatio-

261 3851 333 3896 uom
356 3829 461 3894 arehae
479 3829 547 3911 jam
569 3830 720 3913 inceptoe‚
749 3834 786 3893 ut
817 3828 934 3894 dieitur
964 3829 1000 3893 in
1022 3828 1175 3895 Historiis
1198 3829 1413 3897 Scholasticis.

261 3934 380 4003 Oanoer
402 3953 476 3999 vero
499 3937 548 3998 est
571 3934 727 4018 quoddam
750 3935 878 4018 signum
901 3933 1076 4017 vitiumque
1092 3933 1280 4019 malignum.
1326 3935 1412 4002 (lau-

261 4039 323 4105 eris
345 4043 393 4104 est
415 4038 562 4116 morbus,
594 4039 700 4104 eaueri
731 4037 826 4104 stella
856 4058 982 4122 quoque
1011 4038 1118 4123 piscis.
1164 4037 1283 4106 Oaueer
1305 4045 1414 4106 autem

221 4167 247 4207 aa
261 4144 300 4210 ad
322 4165 431 4210 areum
453 4143 525 4210 eoeli
549 4145 702 4229 prooessit
724 4143 831 4210 animo
853 4143 937 4208 irato
953 4146 985 4208 et
1000 4143 1062 4207 ait:
1086 4165 1204 4228 magua
1218 4149 1268 4210 est
1282 4145 1415 4211 audacia

261 4254 331 4326 tua,
364 4247 439 4332 quia
471 4251 575 4314 totum
603 4249 716 4314 ooelum
744 4247 830 4331 capis
860 4251 894 4312 et
915 4248 999 4312 viam
1022 4269 1123 4312 meam
1147 4253 1180 4314 et
1201 4270 1328 4314 cursum
1351 4272 1413 4316 eas·

261 4357 401 4420 terarum
425 4354 590 4420 stellarum
605 4355 758 4440 impedire
773 4353 903 4439 satagis,
927 4353 993 4418 cito
1008 4353 1199 4420 removeatis
1214 4357 1271 4420 aut
1285 4377 1305 4420 a
1319 4355 1414 4421 uobis
