3172 4962
812 349 872 412 146

352 521 441 588 Mare
463 518 634 586 secundum
657 519 883 604 philosophum
910 523 960 585 est
989 520 1101 586 mundi
1129 521 1311 606 amplexus,
1343 521 1422 588 fons

264 625 415 691 imbrium
438 628 471 690 et
493 624 668 708 hospitium
691 625 870 691 fluviorum.
918 625 1010 702 Quia,
1033 626 1119 692 sicut
1140 626 1218 692 dicit
1239 625 1420 694 Ecclesias-

264 731 346 796 ticus
368 729 418 808 1⁰,
449 730 556 794 omnia
586 729 718 794 flumina
751 731 877 796 intrant
898 751 985 794 mare
1007 733 1040 796 et
1062 753 1149 796 mare
1170 755 1235 797 nou
1257 732 1422 800 redundat

232 909 237 918 ,
264 841 296 901 et
319 837 357 901 ad
381 835 495 912 locum,
519 834 601 899 unde
623 829 740 898 exeunt
754 835 895 911 flumina,
918 856 983 900 uon
1000 841 1215 916 revertuntur,
1238 839 1419 914 utiterum

239 941 375 1007 afluant.
422 939 491 1004 Hoc
512 961 599 1004 mare
622 959 771 1024 maguum
804 942 837 1003 et
864 939 1054 1024 spatiosum,
1083 947 1121 1006 ut
1149 942 1267 1008 dicitur
1287 941 1420 1008 Psalmo

199 1049 203 1056 ’
266 1043 377 1124 01110,
414 1044 496 1126 uude
524 1065 690 1130 persuum
714 1041 985 1129 magnificentiam
1009 1045 1049 1110 ad
1071 1045 1164 1110 littus
1193 1047 1334 1133 perrexit
1366 1049 1419 1112 di·

266 1171 355 1216 cens:
379 1150 477 1214 miror
500 1169 595 1233 quam
619 1148 791 1232 plurimum
814 1147 853 1212 de
874 1151 932 1214 tua
953 1149 1081 1216 duritia.
1129 1151 1177 1216 Tu
1196 1173 1319 1238 semper
1334 1152 1420 1218 mihi

266 1256 456 1323 contradicis
478 1259 508 1319 et
532 1254 709 1319 contrarius
732 1254 895 1331 exst'tisti,
919 1259 1048 1339 propter
1072 1259 1103 1320 te
1127 1259 1243 1322 terram
1267 1258 1419 1324 invadere

265 1382 330 1425 uon
354 1381 499 1444 possum
522 1361 596 1442 poto
620 1361 656 1421 ut
678 1359 868 1424 removeeris
892 1359 930 1424 de
953 1359 1021 1426 loco
1044 1363 1117 1438 tuo,
1140 1365 1177 1426 ut
1199 1365 1317 1427 terram
1340 1385 1420 1447 sup-

227 1465 408 1550 repeditare
437 1464 576 1539 valeam,
608 1462 726 1546 alioqui
758 1464 900 1548 praeliari
930 1469 1032 1530 tecum
1065 1487 1130 1531 non
1163 1466 1313 1534 desinam.
1358 1466 1421 1532 Oui

266 1571 376 1636 littus:
410 1567 579 1645 maledicis,
604 1569 722 1644 l'rater,
752 1569 897 1632 conditor
919 1570 1061 1636 omnium
1083 1592 1189 1636 rerum
1210 1573 1257 1640 sic
1277 1595 1328 1638 me
1350 1572 1421 1637 col-

267 1676 398 1756 locarit,
430 1679 462 1738 et
493 1693 551 1757 ego
583 1676 713 1756 propter
742 1672 954 1740 obedientiam
986 1697 1076 1740 suam
1098 1697 1249 1761 magnum
1272 1677 1420 1743 sustineo

245 1766 407 1846 ¹laborem
430 1783 462 1842 te
482 1776 685 1870 inlreuando,
728 1776 776 1841 Tu
800 1777 986 1842 multotiens
1008 1779 1157 1845 audacter
1177 1801 1273 1867 super
1293 1804 1345 1848 me
1360 1781 1421 1846 ad-

267 1885 390 1950 scendis
413 1887 445 1948 et
467 1903 518 1947 me
540 1880 808 1964 quamplurimum
833 1902 999 1967 aggravas.
1045 1881 1114 1968 Ego
1139 1889 1172 1950 ta
1195 1907 1268 1952 vero
1290 1887 1421 1970 patien-

228 2008 254 2046 a
267 1995 317 2055 ter
346 1992 476 2073 propter
505 1985 607 2050 Deum
641 1991 743 2070 porto.
791 1985 911 2050 ldciroo
941 2007 1006 2052 nou
1036 1993 1148 2054 eontra
1176 2011 1228 2056 me
1257 1991 1422 2056 verbosari

266 2094 403 2180 poteris,
437 2094 512 2177 quia
542 2090 646 2155 locum
669 2111 733 2156 non
756 2090 895 2156 mutabo.
942 2089 1031 2157 Mare
1053 2097 1160 2158 autem
1182 2094 1312 2160 audiens
1333 2094 1419 2160 furi·

267 2199 404 2264 hundius
417 2195 598 2280 respondit:
622 2196 649 2259 si
664 2200 700 2260 tu
715 2196 872 2262 sustinere
890 2197 1019 2280 poteris,
1041 2199 1171 2277 sustine,
1195 2200 1270 2283 quia
1285 2205 1318 2266 te
1332 2222 1419 2265 nun·

267 2327 361 2389 quam
386 2304 421 2367 in
443 2323 518 2386 paee
541 2301 710 2378 dimittam,
735 2301 788 2366 sed
811 2323 868 2385 pro
891 2301 1012 2367 viribus
1035 2307 1067 2368 te
1082 2303 1263 2370 verberabo.
1308 2303 1419 2370 Littus

266 2430 340 2474 uero
363 2409 523 2494 patienter
544 2407 660 2471 collum
683 2406 839 2492 subjugo
861 2407 970 2490 posuit
991 2407 1115 2473 dicens:
1146 2429 1165 2473 o
1188 2429 1247 2474 nos
1269 2409 1421 2474 convenit

228 2533 412 2598 repugnare
435 2517 466 2575 et
489 2511 636 2594 iniquum
658 2511 827 2596 castigare.
872 2509 925 2576 Sic
947 2512 1031 2576 enirn
1055 2512 1206 2596 praelatus
1229 2517 1261 2578 et
1282 2512 1421 2597 quilibet

268 2622 372 2682 rector
395 2637 537 2702 pugnare
560 2615 652 2680 debet
675 2619 708 2678 et
730 2615 866 2680 viriliter
888 2637 991 2702 agere,
1014 2620 1052 2681 ut
1074 2618 1149 2682 mali
1164 2617 1337 2700 praevalere
1351 2639 1419 2684 non

268 2723 400 2807 possint.
446 2721 565 2786 Tamen
589 2720 665 2784 dioit
689 2717 877 2805 Gregorius:
909 2721 991 2786 sicut
1020 2743 1107 2786 mare
1137 2743 1259 2806 semper
1281 2721 1418 2788 rebellat

267 2827 381 2904 littori,
405 2847 467 2910 quo
490 2829 616 2888 tenetur
638 2829 670 2888 et
693 2829 863 2902 coercetur,
886 2825 932 2890 sie
953 2825 989 2889 in
1011 2825 1167 2910 religiono
1189 2827 1319 2909 quidam
1334 2847 1419 2892 sem·

268 2954 324 3016 per
354 2929 512 2994 rebellant
543 2929 700 3011 praelatis,
736 2930 792 3012 qui
821 2949 874 2992 eos
905 2950 1046 2996 coercere
1075 2951 1138 2995 non
1168 2935 1311 3014 possunt.
1357 2929 1418 2998 Sed

229 3061 254 3098 aa
268 3036 345 3101 boni
368 3039 511 3119 pastores
532 3033 645 3096 timere
669 3053 733 3095 non
756 3033 871 3096 debant
900 3033 1002 3098 minas
1032 3055 1218 3116 pravorum,
1242 3035 1306 3099 imo
1329 3036 1420 3100 velut

269 3141 347 3228 vigil
368 3143 494 3224 pastor,
524 3137 579 3222 qui
610 3142 720 3202 contra
749 3136 866 3201 bestias
892 3158 964 3202 oves
987 3139 1145 3204 custodire
1176 3138 1276 3218 solet,
1306 3140 1354 3204 ita
1386 3143 1421 3204 et

270 3247 344 3312 boni
367 3249 504 3310 rectores
528 3263 621 3326 super
643 3262 772 3326 gregem
795 3263 883 3307 suum
916 3241 1046 3307 solliciti
1077 3265 1144 3308 esse
1171 3243 1296 3310 debent.
1342 3243 1420 3310 Ideo

268 3351 346 3417 dicit
368 3349 540 3414 Ysidorus:
574 3345 663 3429 pravi
693 3350 836 3428 pastores
868 3367 931 3410 non
963 3346 1083 3412 habent
1106 3369 1215 3414 curam
1238 3349 1276 3414 de
1297 3349 1421 3429 ovibus,

268 3457 321 3522 sed
345 3457 427 3520 sicot
449 3453 569 3537 legitor
595 3451 629 3513 in
651 3450 815 3534 evaugelio
845 3450 882 3514 de
913 3451 1134 3528 mercenariis,
1166 3451 1276 3519 vident
1307 3451 1419 3536 lupum

229 3563 445 3628 invenientem
470 3563 502 3620 et
525 3556 663 3640 fugiunt.
711 3553 802 3618 Tunc
823 3554 907 3618 enim
924 3554 1064 3641 fugiunt,
1089 3555 1215 3639 quando
1231 3556 1418 3641 potentibus

268 3671 375 3732 tacent
397 3669 429 3728 et
451 3662 544 3726 malis
567 3661 713 3724 resistere
737 3663 893 3722 metuunt.
938 3657 1024 3744 Ergo
1040 3681 1098 3724 uos
1118 3659 1280 3726 confortat
1302 3661 1416 3726 Hiero·

270 3772 374 3836 nimus
401 3771 522 3834 dicens:
555 3766 621 3831 Deo
655 3765 740 3828 enim
770 3765 893 3847 placere
923 3786 1087 3841 curemus,
1119 3765 1223 3830 minas
1252 3765 1417 3831 hominum

270 3879 396 3961 penitus
419 3897 482 3938 non
507 3873 683 3938 timeamus.
730 3868 840 3934 Refert
862 3868 976 3933 Petrus
995 3868 1212 3949 Mandueator,
1237 3870 1321 3952 quod
1342 3870 1420 3936 dum

269 3981 457 4064 Philippus,
489 4001 544 4044 rex
567 3978 792 4054 Macedonum,
822 3974 983 4038 insisteret
1013 3979 1046 4038 et
1079 3973 1238 4038 obsideret
1260 3971 1419 4054 Athenas,

230 4107 255 4145 ss
270 4086 351 4151 dixit
373 4086 428 4150 iis:
458 4084 529 4148 dale
553 4083 632 4146 mihi
655 4083 759 4145 decem
782 4085 937 4156 oratores,
962 4100 1041 4164 quos
1064 4101 1102 4142 ex
1121 4079 1210 4143 vobis
1233 4078 1360 4164 eligam,
1383 4083 1418 4144 et

269 4190 498 4257 couloederatus
511 4187 661 4252 recedam.
694 4183 870 4268 Respondit
887 4183 1113 4248 Demosthenes
1125 4184 1334 4268 peritissimus
1345 4203 1432 4262 oru-¹

270 4303 337 4360 tor:
365 4295 432 4378 lupi
457 4293 605 4356 dixerunt
628 4291 827 4374 pastoribus,
860 4293 930 4352 tota
951 4309 1047 4353 eausa
1069 4289 1232 4353 dissordiae
1254 4289 1339 4352 inter
1361 4308 1421 4353 nos

269 4408 302 4470 et
324 4421 378 4466 vos
400 4403 476 4463 sunt
498 4419 609 4474 canes;
633 4397 659 4459 si
682 4395 755 4459 date
777 4394 868 4458 nobis
891 4413 984 4458 canes
1006 4397 1040 4458 et
1054 4395 1160 4458 erinus
1176 4393 1279 4458 amici.
1326 4391 1420 4473 Quod
