3172 4958
789 352 851 414 116

241 523 298 587 flos
321 525 370 586 est
390 525 423 586 et
445 521 591 588 fructus?
623 522 772 588 Mirabile
801 523 902 608 igitur
932 545 1063 608 germen
1094 524 1292 610 virginitatis
1325 525 1404 589 sine

242 627 385 713 germine
409 650 472 692 non
496 633 553 693 est.
600 627 775 712 Nunquam
798 633 845 693 est
864 629 988 694 fructus
1003 629 1072 694 sine
1086 631 1203 709 fructu,
1226 631 1292 696 imo
1307 633 1403 694 totus

130 745 133 754 “
242 736 274 796 et
296 732 363 815 ipse
385 731 508 796 fructus
530 737 586 797 est.
633 732 684 797 Sic
706 738 739 797 et
762 737 872 798 sancta
895 733 1063 817 virginitas
1082 734 1190 817 ipsum
1214 741 1340 800 naturae
1363 739 1402 799 et

242 836 371 902 virtutis
393 841 442 902 est
464 859 593 922 germen
609 837 883 923 pretiosissimum,
906 838 963 903 flos
979 839 1214 905 amoenissimus
1238 844 1271 905 et
1285 839 1400 924 splen-

215 943 299 1006 sdor
329 941 541 1020 clarissimus,
573 943 695 1008 fructus
725 942 943 1022 dulcissime,
976 944 1068 1008 decor
1098 943 1398 1028 praestantissimus,

242 1046 319 1112 odor
341 1049 563 1129 suavissimus,
596 1048 684 1114 valor
715 1053 811 1114 totus.
857 1048 1019 1117 Nimirum
1049 1049 1118 1134 ipsa
1140 1053 1188 1114 est
1211 1047 1339 1114 naturai
1360 1071 1399 1114 ac

242 1152 372 1217 virtutis
395 1153 570 1219 clarissime
592 1174 736 1239 gemma,
767 1153 922 1218 inviolata
944 1153 1134 1238 integritas,
1157 1154 1321 1219 coelestina
1344 1176 1397 1219 se·

242 1257 377 1337 renites,
401 1279 525 1322 summa
547 1258 777 1344 temperantia,
801 1258 942 1340 perfecie
964 1257 1114 1337 victoria,
1145 1259 1277 1344 spiritus
1300 1281 1396 1344 super

243 1384 373 1448 germen
387 1364 407 1441 ¹,
424 1363 527 1447 gloria
542 1367 619 1427 tota.
654 1363 700 1427 Ut
714 1383 788 1427 rosa
803 1362 903 1447 igitur
918 1363 1064 1448 fragrans
1087 1369 1119 1428 et
1135 1364 1240 1429 lilium
1256 1364 1395 1429 rutilans

205 1500 230 1538 ιο
246 1472 293 1532 est
316 1473 426 1534 sancta
447 1467 636 1553 virginitas,
668 1468 725 1532 flos
755 1473 787 1532 et
814 1466 954 1548 fructus,
978 1468 1018 1533 ad
1052 1470 1139 1554 cujus
1169 1467 1297 1552 quidem
1328 1468 1394 1532 fra-

244 1575 406 1658 grantiam
437 1572 601 1638 unicornis
632 1577 754 1637 tractus
785 1574 922 1638 suaviter
955 1574 1071 1652 currit,
1106 1574 1195 1658 cujus
1228 1573 1395 1638 dulcedine

243 1678 390 1744 ferocitas
407 1679 605 1758 mansuescit,
623 1679 711 1762 cujus
726 1679 866 1762 puritate
881 1678 948 1762 ejus
963 1683 1029 1744 tam
1046 1679 1151 1743 valida
1167 1678 1323 1744 delectata
1336 1699 1394 1761 po-

244 1788 343 1848 testas
375 1783 464 1868 quasi
494 1783 579 1848 victa
608 1783 640 1846 in
673 1782 776 1847 nitido
809 1783 930 1869 gremio
961 1784 1112 1870 virginali
1143 1783 1397 1848 reverentialiter

243 1893 403 1972 prostrata
418 1889 582 1953 recumbit.
628 1887 656 1953 Ο
672 1888 825 1953 nimirum
840 1910 971 1973 magnes
995 1889 1103 1953 nimiae
1114 1887 1301 1965 validitatis,
1326 1887 1394 1952 vir·

207 2021 231 2060 rs
245 1995 393 2079 ginilatis
417 1995 455 2059 ad
471 2016 504 2062 se
520 1993 649 2058 trahem
666 1997 830 2059 naturam!
854 1994 882 2060 Ο
905 1995 1051 2079 saphirus
1066 1995 1223 2060 mirabilis
1238 1993 1397 2059 castitatis

244 2123 369 2166 omnem
392 2098 508 2186 fugans
535 2105 568 2164 et
591 2101 756 2165 destruens
779 2101 898 2166 famam
921 2103 1128 2165 venenosam!
1157 2098 1185 2164 0
1209 2098 1396 2184 smaragdus

243 2204 379 2270 rutilans
408 2204 599 2283 viriditatis,
639 2209 792 2289 perpetua
822 2204 962 2288 puritas,
1001 2205 1162 2276 inviolata
1195 2203 1396 2289 integritatis

244 2309 396 2390 amatrix,
426 2309 569 2374 toetidam
593 2308 726 2374 Veneris
759 2310 943 2374 nullatenus
977 2308 1128 2395 patiens²
1163 2308 1396 2394 corruptelam!

244 2416 295 2481 Ad
318 2416 385 2481 haec
407 2415 543 2481 ficulnea
566 2413 745 2499 stupefacta
767 2415 930 2481 conticuit.

205 2651 231 2689 so
323 2624 597 2690 Proverbium
620 2627 771 2689 contra
794 2626 1000 2688 amatores
1023 2643 1310 2688 venereorum.

462 2797 518 2863 De
539 2765 686 2882 vipera
708 2801 749 2864 et
771 2798 1018 2882 elephante,
1041 2818 1108 2881 cap.
1136 2799 1184 2861 10.

204 2973 207 2980 ·
333 2935 524 3002 Furibunda
546 2937 664 3020 viperae
695 2939 734 3002 ad
767 2937 886 3002 coitum
917 2936 1103 3021 properanti
1134 2935 1262 3018 elephas
1283 2935 1397 3001 obvius

246 3041 392 3124 quaesivit
413 3045 445 3106 et
468 3041 564 3105 dixit:
595 3062 658 3124 quo
689 3041 735 3105 sic
765 3041 918 3106 effrenato
942 3062 1054 3124 passu,
1084 3044 1152 3104 tam
1183 3041 1281 3105 effuso
1313 3040 1397 3104 desi-

246 3146 325 3210 derii
337 3147 468 3230 impetu,
485 3145 668 3230 cupiditatis
684 3146 912 3228 abruptissima
928 3166 1022 3210 cursu
1040 3145 1199 3224 ardenter,
1221 3145 1396 3223 carissima,

208 3273 233 3313 ea
247 3271 395 3334 properas
427 3255 460 3316 et
488 3251 643 3316 festinas?
674 3251 719 3315 At
750 3250 807 3314 illa
836 3250 889 3313 vix
918 3271 1032 3334 parum
1063 3253 1152 3313 tento
1175 3249 1301 3333 eloquio
1323 3271 1398 3313 mox

246 3357 423 3439 respondit:
447 3355 609 3434 nimirum,
633 3355 743 3432 frater,
766 3352 881 3418 anhelo
904 3373 1043 3417 venereae
1065 3353 1233 3418 suavitatis
1256 3354 1296 3418 ad
1318 3375 1398 3439 gau-

247 3461 345 3538 dium,
371 3462 509 3525 accelero
530 3461 568 3524 ad
585 3462 848 3525 inconsummata
863 3458 1082 3522 deliciositatis
1098 3458 1257 3538 solatium,
1281 3458 1399 3524 festino
1515 3535 1525 3553 θ

246 3565 406 3648 gaudiosae
427 3563 590 3629 felicitatis
614 3566 653 3629 ad
676 3571 792 3629 actum.
840 3563 910 3640 Quo
933 3564 1042 3628 audito
1066 3568 1171 3628 castus
1203 3567 1235 3628 et
1258 3563 1398 3647 prudens

247 3667 390 3751 elephas,
422 3671 489 3753 ejus
513 3693 577 3734 non
609 3672 713 3734 minus
738 3669 917 3754 deceptioni
949 3690 1044 3753 quarn
1061 3668 1201 3745 ¹[letifera
1222 3653 1400 3733 furiositati

207 3797 233 3836 ro
247 3793 435 3857 compassus,
459 3775 545 3840 illico
567 3775 612 3840 sic
627 3775 750 3840 locutus
773 3779 821 3838 est
843 3775 967 3838 dicens:
991 3774 1066 3851 scio,
1090 3775 1183 3852 certe,
1207 3773 1292 3855 quod
1315 3772 1399 3837 furi·

247 3878 355 3942 bunda
377 3878 504 3942 luxuria
526 3881 633 3945 oculos
656 3901 720 3945 non
744 3881 841 3946 habet
864 3885 896 3944 et
918 3880 959 3944 ob
974 3880 1034 3944 hoc
1050 3880 1162 3964 nequit
1178 3878 1297 3944 intueri
1313 3879 1399 3962 quod

247 3983 321 4048 ruit.
366 3982 528 4050 Nimirum
551 3985 590 4051 ad
611 4009 756 4052 occasum
779 3985 1007 4051 amantissimae
1029 3985 1106 4051 vita
1128 3982 1250 4064 tendis,
1278 3984 1318 4049 ad
1341 3983 1398 4048 ba-

247 4088 328 4152 sium
351 4090 463 4153 mortis
486 4091 691 4156 amarissimae
714 4091 937 4176 proficisceris,
971 4091 1011 4155 ad
1033 4112 1174 4156 morsum
1197 4092 1336 4154 cruentae
1358 4088 1399 4152 li-

247 4193 365 4258 bidinis
387 4215 468 4261 caeco
490 4197 665 4262 animaris⁸
696 4197 773 4263 duce
794 4197 911 4261 furore.
959 4195 1045 4274 Quid
1067 4215 1205 4279 namque
1227 4199 1275 4260 est
1298 4193 1399 4260 coitus

815 4317 833 4359 a

319 4417 332 4472 1
352 4417 477 4475 Andere:
496 4437 614 4477 carnem.
686 4423 703 4476 2
722 4422 846 4478 Andere:
865 4421 987 4492 pariens.
1059 4423 1075 4477 3
1094 4415 1362 4476 raderamnus.
