3172 4958
822 311 952 376 1022

276 485 554 552 Proverbinm
585 488 731 552 contra
758 483 1036 568 iniquitatem
1069 479 1432 570 ingratitudinis.

487 659 543 726 De
566 659 716 745 vipera
739 663 779 725 et
803 659 892 743 ejus
915 657 1060 737 filiis,
1083 680 1151 744 cap.
1177 662 1228 724 26.

365 797 504 864 Gravida
526 800 634 883 vipera
657 820 728 864 cum
752 799 791 863 ad
814 798 1032 863 maturitatem
1056 797 1232 882 perfectam
1246 797 1343 864 loetus
1357 819 1433 883 per·

277 903 435 981 duxisset,
468 905 552 970 diros
576 905 610 968 in
633 903 700 969 suis
722 903 895 970 visceribus
919 904 1060 970 sentiens
1082 923 1224 984 morsus,
1247 925 1357 969 amara
1380 903 1432 966 ni-

249 1009 392 1073 smirum
416 1009 559 1074 beneficii
583 1009 783 1095 querimonia
805 1009 845 1074 iis
868 1009 966 1073 dixit:
991 1009 1067 1094 quid
1092 1011 1140 1072 est
1154 1009 1213 1073 hoo
1228 1009 1331 1074 scelus
1345 1009 1432 1092 quod

276 1112 403 1178 facitis?
426 1113 580 1199 numquid
602 1114 736 1178 redditis
759 1136 818 1198 pro
840 1113 925 1178 bono
948 1112 1078 1191 malum,
1101 1112 1177 1196 quia
1191 1111 1338 1177 laceretis
1354 1133 1432 1176 ven-

275 1220 367 1297 trem,
392 1217 447 1303 qui
462 1239 517 1282 vos
531 1219 683 1302 portavit,
707 1223 840 1284 matrem
858 1217 1012 1297 occiditis,
1036 1239 1107 1302 quae
1121 1238 1177 1282 vos
1192 1217 1329 1304 genuit?
1354 1217 1433 1295 Quae

277 1327 324 1388 est
346 1323 410 1390 ista
431 1329 542 1390 contra
565 1327 712 1388 naturam
736 1324 881 1408 nequitia
903 1327 936 1389 et
960 1323 1203 1410 ingratitudinis
1227 1323 1349 1388 saevitia
1364 1325 1432 1387 tam

277 1427 457 1513 stupenda?
480 1425 525 1492 At
547 1427 595 1492 illi
608 1429 770 1495 dixerunt:
794 1429 944 1514 quidest,
968 1427 1051 1512 quod
1066 1427 1158 1493 nobis
1174 1427 1289 1492 dedisti
1304 1430 1362 1492 ant
1383 1427 1431 1492 fe·

240 1533 375 1598 iecisti?
398 1531 570 1610 Nimirum,
593 1537 630 1598 ut
652 1533 822 1599 delectares
838 1538 880 1612 te,
903 1533 1077 1617 concepisti
1099 1535 1131 1598 et
1154 1531 1188 1595 in
1204 1533 1281 1596 tetri
1297 1533 1432 1597 carceris

278 1640 422 1704 ventrem
439 1659 496 1701 nos
509 1629 711 1704 abscondisti.
753 1639 836 1718 Quid
859 1638 946 1704 aliud
958 1639 1040 1704 eirea
1055 1658 1112 1702 nos
1128 1636 1240 1722 egeris,
1262 1637 1431 1716 nescimus,

279 1745 420 1808 attamen
444 1743 571 1828 prodire
593 1742 627 1807 in
652 1743 754 1808 lucem
770 1743 949 1828 appetimus
972 1747 1004 1808 et
1024 1745 1153 1828 gratum
1166 1741 1277 1806 mundi
1292 1742 1434 1826 spatium

279 1845 474 1911 affectamus.
520 1847 611 1912 Turno
633 1851 736 1913 mater
757 1849 919 1932 adjunxit:
943 1869 1013 1913 ecce
1036 1847 1164 1932 quidem
1183 1847 1249 1931 jam
1274 1851 1380 1913 totum
1398 1847 1433 1913 in

279 1951 461 2036 rubiginem
485 1951 730 2038 ingratitudinis
753 1953 950 2040 impegistis,
982 1974 1121 2037 namque
1149 1973 1214 2017 non
1244 1951 1366 2030 solum,
1397 1957 1435 2017 ut

242 2079 267 2118 rs
282 2055 415 2142 dignum
439 2058 497 2134 est,
521 2078 579 2122 nec
601 2061 756 2141 quantum
780 2058 1046 2144 adgenerationis
1069 2057 1256 2124 beneficium
1280 2057 1434 2140 pertinet,

278 2157 501 2241 respondistis,
534 2161 588 2226 sed
612 2161 694 2246 quod
719 2163 837 2248 majus,
871 2163 936 2228 imo
959 2163 1042 2249 quod
1064 2165 1154 2248 pejus
1176 2166 1238 2238 est,
1266 2162 1433 2247 spernitis,

280 2262 458 2347 depravatis
489 2269 521 2329 et
552 2265 733 2352 denegatis,
768 2270 864 2351 atque
895 2267 978 2352 quod
1008 2267 1170 2332 scelestius
1201 2270 1264 2343 est,
1297 2269 1434 2331 matrem
1558 2339 1560 2358 ἲ

280 2368 393 2434 exinde
416 2369 540 2447 laeditis,
563 2375 596 2436 ct
618 2371 702 2455 quod
726 2374 774 2436 est
795 2371 1037 2456 ingratitudinis
1060 2370 1338 2456 complementum,
1366 2371 1435 2456 jam

280 2473 373 2538 obliti
396 2473 481 2538 tanti
512 2476 651 2540 muneris
674 2477 760 2543 estis.
806 2473 890 2542 Nam
914 2476 968 2560 qui
992 2475 1139 2541 beneficii
1162 2476 1357 2554 recordatur,
1382 2475 1434 2540 in-

225 2602 267 2678 'ro
279 2582 391 2663 gratus
413 2601 480 2643 esse
509 2580 650 2644 nondum
681 2581 715 2644 in
745 2584 814 2646 toto
846 2581 997 2647 sancitur.
1043 2581 1165 2646 Revera
1196 2601 1273 2666 ergo
1303 2579 1435 2666 concepi
1559 2655 1560 2660 γ

279 2705 335 2747 vos
358 2706 397 2748 ex
418 2684 567 2748 medullis
589 2683 765 2750 carioribus
788 2684 885 2765 meis,
909 2685 975 2750 alui
998 2683 1270 2770 exsanguinibus
1294 2684 1435 2768 propriis
1559 2671 1560 2702 ¹

280 2788 369 2864 meis,
393 2787 459 2853 fovi
481 2789 584 2853 calore
607 2812 686 2869 meo,
711 2793 834 2875 portavi
858 2790 985 2870 labore,
1008 2789 1152 2874 promovi
1175 2810 1245 2853 cnm
1271 2789 1380 2854 dolore
1402 2793 1436 2854 et

281 2892 314 2956 in
338 2893 509 2957 visceribus
533 2895 670 2981 propriis
686 2901 778 2960 nocte
789 2917 825 2960 ac
840 2893 890 2959 die
903 2894 1058 2960 custodivi
1081 2915 1152 2958 cum
1168 2892 1293 2958 timore.
1339 2891 1436 2958 Nune

281 2999 386 3060 autem
403 2998 576 3080 protentis
593 2998 753 3063 beneficiis
776 2997 871 3063 matri
893 2996 1069 3081 rependitis
1091 2997 1192 3062 vicem
1204 2997 1326 3063 mortis.
1372 2995 1435 3060 Ni-

242 3126 268 3165 rs
282 3100 398 3164 mirum
427 3101 462 3165 in
485 3101 587 3186 ipsam
616 3104 733 3167 directe
755 3125 868 3167 venam
890 3103 1045 3168 bonitatis
1068 3099 1272 3186 delinquitis,
1309 3102 1343 3165 in
1367 3101 1435 3166 vir-

282 3210 383 3272 tutem
407 3205 558 3291 piissimae
580 3207 740 3292 largitatis
764 3209 915 3293 peccatis,
947 3207 1051 3293 legem
1082 3206 1243 3290 aequitatis
1272 3205 1437 3271 offenditis

283 3319 314 3375 et
337 3311 502 3376 fontanam
526 3311 654 3395 pietatis
676 3312 823 3377 beneficae
846 3313 1024 3392 obturatis,
1056 3311 1196 3377 lucidum
1219 3311 1328 3397 ignem
1352 3313 1436 3377 cari-

282 3417 360 3482 tatis
382 3417 604 3503 exstinguitis,
628 3417 827 3500 splendorem
850 3418 995 3483 vcritstis
1017 3417 1157 3483 fuscatis.
1204 3415 1435 3482 Verumtamen

283 3522 358 3603 quia
391 3522 500 3605 inique
533 3520 708 3605 rependitis
742 3522 861 3586 malum
895 3545 953 3605 pro
987 3523 1089 3600 bono,
1125 3522 1319 3587 retribuetur
1346 3523 1437 3588 vobis

244 3625 457 3709 ajustissime
482 3626 599 3690 malum
623 3649 682 3710 pro
704 3626 805 3704 bono,
828 3649 966 3712 namque
985 3629 1113 3713 justitia
1135 3627 1363 3712 ingratitudini
1387 3630 1438 3691 est

282 3735 375 3817 grata
390 3731 532 3797 minime.
578 3729 726 3815 Namque
749 3733 974 3798 demeritorum
997 3733 1101 3797 reddit
1116 3733 1144 3796 ei
1162 3729 1322 3816 stipendia
1337 3729 1437 3814 digna

282 3840 315 3899 et
330 3841 460 3921 propter
472 3837 540 3914 hoe,
563 3837 724 3921 quiscum
744 3837 975 3922 ingratitudine
984 3837 1158 3922 incepistis,
1180 3835 1250 3900 dira
1262 3834 1436 3920 ingratitu-

282 3940 355 4006 dine
371 3945 402 4005 et
417 3963 498 4006 saeva
514 3941 641 4006 finiatis.
688 3941 772 4006 Nam
789 3945 835 4020 tu,
852 3942 908 4022 fili,
933 3943 1128 4008 foecundabis
1143 3961 1283 4006 sororem
1299 3943 1388 4004 tuam
1404 3942 1438 4003 et

283 4046 352 4130 ipsa
376 4051 407 4110 te
422 4047 557 4130 perimet
580 4051 612 4111 et
628 4051 673 4127 tu,
697 4048 772 4124 filia,
797 4047 893 4112 foetus
909 4049 1078 4132 concipies,
1102 4048 1157 4134 qui
1179 4043 1347 4112 confestim
1364 4065 1435 4108 eru·

244 4171 269 4209 ss
284 4151 396 4214 deliter
427 4156 459 4216 te
492 4152 635 4216 occident
668 4156 701 4216 ct
734 4153 780 4218 sie
808 4156 950 4218 vertetur
982 4155 1095 4220 vitium
1128 4153 1160 4218 in
1185 4152 1380 4215 tormentum
1403 4151 1437 4214 et

284 4257 482 4339 ingratitudo
510 4257 744 4342 ingratitudine
772 4259 922 4342 punietur
953 4263 985 4324 et
1020 4260 1082 4323 erit
1110 4257 1233 4322 soboles
1259 4253 1435 4339 ingratitn3

284 4359 368 4425 dinis
390 4360 478 4426 cibus
502 4361 623 4427 mortis.
663 4363 785 4439 Quibus
802 4363 895 4429 dietis
910 4363 1018 4429 dolore
1033 4365 1187 4430 visanum
1203 4360 1363 4426 exstincta
1376 4363 1434 4425 est.
