3172 4962
796 359 859 421 158

256 527 388 593 mentis:
420 529 474 613 qui
497 529 614 595 diaboli
636 528 856 596 voluntatibus
877 551 910 594 se
932 529 1047 616 ¹opunte
1070 529 1264 610 subdiderit,
1297 553 1409 617 paoem

255 653 331 716 erga
353 631 455 699 Deum
486 638 519 698 et
548 634 710 699 hominem
741 655 804 698 non
831 633 971 700 habebit
1017 633 1060 700 Et
1087 634 1307 722 Augustinus:
1342 655 1409 702 non

254 740 360 821 potest
382 737 526 804 diabolus
549 738 709 826 depipere,
737 739 801 803 nisi
831 760 910 822 quos
941 739 1079 805 voluerit
1110 741 1138 805 ei
1171 740 1312 824 prebere
1342 763 1409 806 suae

254 842 429 908 voluntatis
451 865 621 910 assensum.
668 843 803 928 Propter
820 844 902 928 quod
931 845 1008 910 dioit
1024 843 1243 911 Hierouimus:
1265 847 1408 930 potestas

228 947 381 1030 squidem
400 947 524 1014 'diaboli
546 971 610 1014 non
633 949 763 1014 timetur
788 969 844 1014 neo
856 949 963 1014 timeri
986 949 1088 1028 debet,
1112 951 1187 1032 quin
1207 951 1303 1016 timor
1318 949 1407 1015 illius

139 1043 147 1060 ⁰
254 1057 351 1137 atque
368 1055 525 1138 jactantia
547 1077 670 1139 semper
693 1055 728 1119 in
751 1058 808 1120 tua
829 1056 994 1145 voluntate
1017 1059 1080 1133 est;
1104 1077 1168 1121 nou
1192 1057 1278 1122 enirn
1300 1059 1407 1140 potest

254 1178 327 1222 earo
342 1157 444 1224 fauere
459 1159 520 1224 nisi
537 1159 620 1244 quod
634 1159 771 1225 voluerit
785 1159 919 1226 animus.
964 1158 1096 1244 Legitur
1111 1162 1145 1226 in
1163 1161 1249 1226 Vitis
1265 1165 1405 1244 patrum,

254 1263 338 1347 quod
362 1263 491 1348 quidam
514 1264 668 1330 heremita
691 1264 803 1330 duetus
825 1269 875 1330 est
904 1265 946 1330 ab
977 1265 1091 1350 angelo
1118 1266 1153 1330 in
1176 1266 1332 1350 quendam
1356 1264 1404 1329 Io·

254 1389 344 1448 oum,
375 1369 430 1434 ubi
461 1373 529 1434 eret
558 1369 763 1456 oongregatio
786 1375 969 1438 sanctorum
994 1369 1239 1449 monachorum,
1270 1374 1303 1435 et
1323 1371 1406 1434 vidit

215 1489 240 1527 ¹⁰
254 1473 393 1538 confinia
415 1473 510 1559 plena
533 1495 570 1539 ao
591 1473 660 1539 loos
683 1475 925 1540 circumstantia
946 1475 1087 1541 maxima
1108 1474 1315 1540 multitudine
1341 1475 1405 1540 dae-

254 1601 383 1642 monum
412 1577 589 1644 volantium
618 1579 657 1644 ad
691 1579 819 1644 modum
852 1601 1040 1645 muscarum.
1093 1573 1266 1644 Venientes
1300 1583 1406 1644 autem

253 1683 292 1748 ad
316 1684 474 1767 quandam
498 1683 677 1762 civitatem,
709 1684 762 1749 ubi
790 1683 888 1750 fiebat
910 1705 1060 1770 maguum
1095 1684 1216 1763 forum,
1247 1684 1328 1748 vidit
1359 1683 1406 1748 ibi

254 1810 353 1853 uuum
384 1789 488 1853 solum
519 1789 691 1854 damonem
721 1788 798 1854 satis
829 1789 968 1855 otiosum
997 1793 1136 1854 stantem
1165 1811 1261 1873 super
1287 1791 1404 1872 portas,

254 1893 300 1960 ita
322 1896 358 1957 ut
381 1898 554 1978 quaereret,
586 1893 669 1958 unde
695 1892 756 1959 hoo
778 1896 869 1959 esset
914 1893 1093 1979 Respondit
1116 1894 1249 1980 angelus
1272 1891 1404 1970 domiui,

90 2065 97 2082 ,
215 2010 241 2050 ¹⁵
256 1998 339 2082 quod
363 1998 397 2062 in
421 1997 551 2063 divitaie
572 2019 689 2078 omnes,
713 1999 796 2082 quod
819 1997 955 2078 volebat,
978 1997 1138 2064 faciebant
1151 1999 1191 2064 ad
1205 1999 1405 2065 voluntatem

255 2100 389 2180 diaboli,
417 2105 451 2166 et
472 2123 531 2186 pro
554 2107 646 2168 tanto
668 2102 714 2167 ibi
736 2124 819 2168 uuus
840 2103 964 2168 daemon
987 2103 1181 2183 sufficiebat,
1217 2104 1250 2168 in
1275 2101 1405 2168 abbatia

254 2228 363 2272 omnes
385 2209 478 2272 erant
499 2207 561 2272 sibi
584 2207 716 2272 rebelles
739 2211 772 2272 et
794 2207 863 2274 ideo
885 2229 942 2292 per
965 2207 1083 2274 multos
1106 2230 1159 2273 eos
1179 2207 1403 2294 impugnabat.

491 2382 548 2448 Ds
570 2381 724 2449 achate
746 2387 788 2447 01
810 2385 989 2461 ceraste,
1013 2383 1087 2449 dial.
1114 2387 1163 2448 18.

341 2522 497 2601 Achates,
530 2520 608 2586 dioit
635 2519 769 2605 Papias,
801 2526 849 2585 001
878 2543 1021 2606 gemma,
1052 2543 1122 2606 quae
1150 2521 1247 2586 habet
1269 2521 1403 2588 circulos

215 2638 241 2678 ²⁰
255 2629 365 2714 nigros
389 2633 422 2693 et
444 2627 532 2692 albos
558 2629 591 2690 et
612 2625 726 2691 varios.
772 2624 864 2692 Brito
887 2629 990 2691 autem
1013 2630 1045 2691 01
1068 2625 1159 2691 Yaid.
1182 2625 1303 2690 Iithim.
1326 2625 1404 2692 XVI

254 2733 374 2810 dieunt,
398 2731 482 2815 quod
505 2735 554 2795 001
575 2751 702 2815 gemma
723 2731 827 2815 primo
850 2734 976 2815 reperta
997 2731 1031 2795 in
1054 2729 1162 2797 Sicilia
1177 2733 1271 2817 juxta
1284 2730 1402 2796 flumen

253 2835 393 2919 ejusdem
415 2834 570 2914 nominis,
599 2838 710 2920 postea
732 2835 885 2920 pluribus
901 2836 935 2900 in
956 2836 1061 2914 terris,
1084 2840 1122 2902 ut
1144 2835 1290 2922 Hugutio
1310 2835 1401 2923 dicit,

252 2943 285 3005 01
307 2939 410 3005 reddit
433 2939 594 3004 hominem
615 2942 801 3025 gratiosum.
847 2940 990 3007 Cerastae
1013 2963 1143 3027 serpeus
1165 2945 1215 3006 001
1226 2941 1272 3006 010
1287 2940 1402 3018 dietus,

252 3049 288 3108 ut
310 3042 387 3109 dioit
410 3041 500 3108 Ysid.
524 3043 644 3108 Ethim.
668 3043 733 3108 XII
756 3065 792 3109 00
815 3045 898 3129 quod
921 3048 992 3110 0010
1003 3067 1121 3111 ooruua
1135 3046 1170 3110 in
1186 3045 1291 3130 eapite
1305 3044 1402 3108 habet

213 3173 239 3213 as
253 3149 291 3214 ad
319 3148 446 3213 modum
479 3147 597 3213 arietis.
643 3147 747 3232 Hujus
777 3169 876 3214 ooruu
905 3150 1023 3214 mensis
1053 3150 1189 3215 divitum
1219 3149 1403 3233 appositum

252 3254 359 3342 prodit
380 3275 547 3319 venenum.
594 3249 640 3315 Er
664 3251 714 3315 his
737 3253 887 3319 cornibus
908 3254 1077 3319 manubria
1090 3253 1293 3320 cultellorum
1307 3253 1401 3334 fiunt,

250 3360 306 3445 qni
337 3357 459 3425 ouItelli
497 3356 742 3441 imperatoribus
778 3361 854 3422 aute
889 3379 1015 3424 ornnem
1051 3359 1156 3423 eibum
1189 3358 1401 3442 ponebantur,

249 3471 287 3529 ut
316 3464 373 3529 illa
402 3463 514 3527 sudore
543 3463 804 3541 manitirstarent,
828 3462 856 3526 si
887 3463 959 3546 quis
991 3463 1080 3528 cibus
1104 3463 1215 3527 fuisset
1238 3462 1401 3546 appositus

251 3591 371 3635 veneno
394 3567 540 3634 infectus.
586 3566 649 3632 Hie
670 3588 742 3631 oum
765 3571 846 3632 esset
870 3567 1018 3632 omnibus
1040 3567 1166 3632 odiosus
1189 3566 1400 3632 0100000110

211 3675 417 3754 0101110100,
442 3673 594 3758 prooessit
616 3673 654 3737 ad
668 3673 811 3740 achatem
834 3672 957 3738 dicens:
980 3697 999 3739 0
1021 3695 1148 3758 gemma
1162 3675 1312 3758 pretiosa,
1328 3673 1399 3736 des·

249 3781 346 3844 nendo
368 3778 409 3845 nd
431 3801 481 3844 me
503 3785 536 3843 et
558 3779 732 3844 001100010
755 3779 839 3842 inter
862 3799 982 3843 oornna
1003 3801 1082 3859 mee,
1106 3779 1256 3863 quoniam
1273 3778 1399 3864 egregie

249 3889 282 3953 10
304 3884 468 3970 bajulabo,
501 3869 631 3968 propter
653 3885 736 3967 quod
757 3882 854 3948 habes
888 3883 1060 3963 virtutem,
1090 3885 1278 3968 portitorem
1308 3887 1401 3947 tunm

249 3991 377 4056 reddere
400 3989 585 4076 gratiosum.
631 3988 765 4072 Insuper
788 3989 849 4054 tibi
873 3989 1028 4074 promitto
1052 3989 1151 4073 quod,
1184 3989 1213 4054 si
1243 4010 1295 4053 me
1325 4007 1400 4072 gra-

248 4097 365 4162 tiosum
399 4094 589 4172 reddideris,
627 4099 793 4180 magnates
831 4093 998 4159 inferiores
1035 4099 1067 4159 01
1104 4093 1289 4158 innooeutoe
1326 4111 1410 4176 spo·¹

210 4219 235 4258 ⁸⁶
248 4200 335 4266 liabo
369 4205 402 4264 et
435 4198 472 4264 de
511 4201 617 4284 praeda
651 4199 852 4264 medietatem
887 4199 949 4263 tibi
986 4198 1164 4264 oonoedam.
1210 4195 1268 4262 oui
1305 4196 1400 4262 aeha-

249 4310 311 4372 tes:
334 4305 365 4369 id
389 4303 473 4388 quod
497 4303 585 4382 diois,
608 4302 688 4368 mihi
711 4324 775 4369 non
800 4302 913 4388 piaoet,
942 4305 1018 4388 quia
1039 4302 1116 4368 diuit
1138 4301 1311 4388 apostolus,
1335 4323 1399 4370 uon

248 4409 350 4478 solum
373 4407 544 4486 1001011100,
575 4407 628 4472 sed
660 4407 755 4473 etiam
779 4407 1012 4473 eonsentientes
1034 4407 1124 4494 digni
1149 4409 1226 4473 sunt
1247 4411 1401 4495 perpetua
