3172 4962
699 339 759 404 141

148 513 308 581 dicentes:
337 517 369 582 te
398 513 616 590 obsecramus,
645 515 683 576 ut
713 511 881 597 permittas
910 513 1004 578 nobis
1026 514 1125 581 alium
1148 517 1302 579 rectorem

149 617 279 704 eligere.
333 617 590 684 Transmontana
619 636 694 681 vero
725 615 914 701 perturbata
948 619 1077 683 recessit
1109 622 1143 685 et
1174 619 1304 684 domino

149 722 330 800 nuntiarit,
363 723 464 788 stellae
492 725 599 787 autem
628 720 850 807 gloriabantur
873 727 906 788 et
929 744 1025 808 quam
1048 723 1222 808 plurimum
1245 745 1302 789 ex·

150 827 338 894 ellabantur
366 831 398 892 et
427 827 466 894 de
495 830 617 892 rectore
644 827 831 892 electionem
859 827 1013 892 fecerunt.
1069 826 1129 894 Sed
1160 829 1236 912 quia
1267 827 1303 892 in

123 931 279 998 sanitate
300 953 366 998 non
388 936 464 997 sunt
482 931 632 1008 inventas,
656 929 797 996 altricari
813 930 910 996 simul
925 953 962 996 ac
977 931 1120 1015 proeliari
1130 938 1303 1016 coeperunt.

153 1040 225 1118 Qua
246 1038 284 1104 de
306 1057 410 1116 cause,
432 1037 516 1104 sicut
536 1057 609 1101 oves
632 1056 696 1100 uon
719 1035 874 1100 habentes
895 1040 1070 1120 pastorem,
1098 1037 1249 1103 errabant
1270 1037 1305 1103 in

152 1143 268 1210 sitibus
290 1142 356 1210 suis
378 1163 443 1207 non
465 1145 698 1226 permanentes,
722 1141 892 1206 novissime
914 1145 1020 1206 autem
1043 1163 1182 1208 errorem
1213 1165 1305 1208 auum
1373 1181 1383 1200 ›

152 1251 360 1336 agnoscentes
381 1247 603 1332 poenituerunt
624 1250 657 1312 et
678 1245 716 1310 ad
740 1249 894 1310 rectorem
914 1247 1052 1330 priorem
1076 1269 1208 1312 reversas
1230 1252 1307 1313 sunt

154 1359 188 1420 et
218 1353 324 1439 ipsum
354 1351 583 1418 honorabiliter
613 1351 881 1417 confirmaverunt
910 1352 1067 1417 dicentes:
1101 1354 1157 1436 qui
1188 1354 1305 1417 honum

113 1473 140 1512 ¹⁰
153 1463 308 1526 rectorem
332 1458 444 1536 habet,
477 1478 642 1543 nunquam
673 1457 772 1542 eligat
793 1457 940 1540 priorem.
987 1457 1039 1522 lta
1067 1462 1099 1522 et
1129 1481 1186 1522 nos
1214 1479 1308 1544 agere

155 1563 315 1630 convenit.
360 1561 440 1628 (lum
462 1563 548 1629 enim
570 1563 723 1628 habemus
745 1566 918 1641 rectorem,
941 1564 996 1647 qui
1019 1585 1077 1628 nos
1099 1570 1184 1628 recte
1205 1567 1306 1650 regat,

152 1659 263 1755 ipsum
285 1667 442 1734 honorare
464 1677 560 1752 atque
582 1667 716 1754 diligere
744 1669 912 1746 debemus,
943 1689 1006 1732 non
1037 1669 1140 1752 ipsum
1173 1672 1307 1746 mutere,

156 1775 212 1840 aed
240 1795 297 1860 pro
325 1772 447 1838 viribus
475 1772 581 1838 fovere
603 1775 735 1857 propter
757 1774 919 1849 laborem,
956 1794 1049 1857 quem
1082 1773 1220 1838 sustinet
1251 1793 1309 1837 nos

156 1881 304 1967 regendo:
349 1877 472 1945 Gradus
494 1879 660 1964 regiminis
682 1879 801 1945 dicitur
827 1877 958 1965 grandis
989 1877 1106 1957 honor,
1136 1877 1191 1942 scd
1213 1899 1309 1963 graue

117 1985 283 2070 :spondas
304 1989 360 2050 eet.
406 1981 498 2048 Unde
520 1982 715 2050 Barnardas:
747 1985 823 2068 qnid
847 1987 896 2048 est
916 1983 1019 2048 honor
1042 1983 1103 2047 nisi
1118 2003 1208 2061 onus,
1233 1982 1309 2066 quid

159 2091 207 2154 est
229 2091 415 2173 potentatus
438 2087 502 2152 nisi
524 2087 698 2166 calamitas,
722 2087 797 2173 quid
821 2092 868 2152 est
891 2087 1070 2152 sublimitas
1093 2088 1156 2152 nisi
1178 2088 1308 2152 naufra-

159 2193 251 2280 gioea
283 2193 477 2277 tempestas?
516 2191 594 2269 Quis
632 2196 737 2276 potest
768 2212 835 2256 esse
867 2191 902 2256 in
925 2191 1044 2257 honore
1077 2193 1147 2258 sine
1177 2192 1310 2257 doloret

161 2296 240 2374 Quis
262 2302 313 2364 est
345 2298 379 2363 in
411 2297 598 2382 praelatione
626 2297 694 2362 sine
723 2297 949 2374 tribulatione,
984 2297 1055 2379 quie
1085 2298 1119 2361 in
1152 2297 1311 2381 dignitate

161 2403 231 2470 aine
252 2401 420 2468 vanitate?
450 2402 553 2468 Prout
576 2401 675 2467 refert
696 2401 844 2468 Valerius
869 2401 903 2466 in
927 2401 1010 2467 libro
1031 2402 1169 2486 septimo
1192 2403 1230 2467 de
1252 2402 1309 2467 illo

122 2535 149 2574 ao
162 2529 237 2594 rege
271 2507 399 2574 subtilis
433 2507 557 2592 ingenii
589 2512 623 2572 et
650 2507 790 2585 consilii,
825 2506 876 2571 cui
910 2528 1007 2590 quum
1044 2509 1126 2570 esset
1157 2505 1311 2572 traditum
1370 2533 1375 2543 ·

162 2613 333 2701 dyadema,
363 2613 547 2696 priusquam
572 2612 669 2696 capiti
691 2613 879 2697 imponeret,
904 2610 1039 2679 retinuit
1060 2611 1115 2675 diu
1145 2610 1251 2696 ipsum
1282 2617 1314 2677 et

162 2718 368 2786 considerans
390 2718 452 2783 ait:
476 2716 616 2783 onobila
632 2721 760 2796 sertum
783 2737 879 2800 quam
895 2715 981 2793 felix,
1006 2715 1135 2800 quantis
1157 2715 1313 2782 sollicitu-

164 2825 292 2890 dinibus
315 2828 349 2890 et
376 2824 526 2908 periculis
553 2823 683 2908 plenum
713 2845 746 2889 es
775 2825 827 2889 tul
857 2821 993 2906 Propter
1023 2822 1107 2906 quod
1136 2821 1216 2887 dicit
1247 2822 1315 2886 Au-

164 2931 334 3016 gustinus:
357 2928 439 2995 nihil
461 2927 662 3006 laboriosius,
686 2927 768 2993 nihil
784 2927 946 2994 difficilius
963 2932 996 2993 et
1010 2927 1092 2991 nihil
1109 2928 1316 3011 periculosius

123 3060 151 3099 as
165 3057 262 3120 quam
284 3053 425 3118 praeesse.
470 3032 608 3118 Ideoque
627 3037 737 3098 narrat
753 3031 900 3098 Valerius
922 3032 1007 3096 libro
1029 3033 1167 3118 septimo
1191 3017 1323 3098 deCorss

165 3139 250 3206 nelio
272 3138 428 3224 Scipione.
474 3135 533 3203 Gui
555 3141 654 3224 quum
670 3135 827 3223 Hispania
848 3141 933 3201 sorte
958 3138 1106 3216 venisset,
1141 3137 1315 3222 respondit,

166 3267 200 3311 se
221 3245 308 3310 nolle
330 3243 407 3308 illuc
429 3243 484 3322 irc,
508 3244 630 3327 adjecta
647 3265 749 3322 cauea,
773 3263 854 3320 curn,
879 3241 955 3327 quid
978 3247 1062 3306 recte
1084 3243 1218 3319 feceret,
1243 3263 1316 3305 nes·

166 3350 254 3417 ciret.
317 3347 391 3415 Non
422 3348 583 3434 reputavit
617 3371 651 3414 se
682 3349 786 3413 virum
815 3346 1012 3412 luculentum
1045 3351 1077 3410 et
1108 3345 1317 3410 sufficientem

167 3454 252 3520 tanti
273 3454 406 3520 honoris
428 3458 461 3518 et
484 3455 626 3538 periculi.

129 3655 155 3693 ao
382 3627 438 3694 De
461 3627 654 3716 Hespero
676 3633 717 3694 et
739 3628 956 3706 Lucifero,
980 3626 1054 3692 dial.
1077 3630 1107 3690 4.

257 3767 418 3852 Hesperus
447 3771 497 3833 est
530 3767 625 3832 stella
657 3772 814 3832 nocturna
847 3769 880 3832 et
909 3765 1036 3830 Lucifer
1067 3768 1116 3829 est
1149 3763 1320 3844 matutina,

170 3895 241 3960 quas
263 3878 395 3959 apparet
415 3874 453 3938 de
476 3895 576 3938 mane.
623 3872 682 3938 Hae
704 3873 773 3938 due
795 3871 896 3938 atellae
918 3870 1197 3938 accumulaverunt
1213 3891 1321 3935 omnes

170 3980 249 4046 alias
271 3980 310 4046 ad
333 4001 366 4045 se
392 3983 425 4046 et
447 3999 518 4044 cum
540 3977 591 4043 his
606 3977 754 4044 omnibus
770 3981 991 4062 processerunt
1005 3975 1141 4040 creatori
1156 3974 1322 4046 stellarum

171 4086 330 4152 dicentes:
354 4083 491 4162 dominc,
514 4083 570 4166 qui
593 4087 717 4146 creator
738 4081 841 4146 bonus
863 4103 914 4159 es,
937 4081 1058 4167 optime
1081 4101 1138 4144 nos
1161 4078 1323 4144 irradiasti

133 4211 159 4250 aa
173 4212 209 4256 ao
231 4191 378 4256 decenter
400 4187 581 4264 collocasti3
605 4187 708 4252 sedin
725 4187 785 4252 hoc
799 4187 1014 4272 supplantatas
1028 4205 1147 4263 sumna,
1171 4183 1322 4269 qnoniam

172 4296 322 4381 splendor
354 4299 387 4360 et
409 4292 614 4378 pulchritudo
636 4297 748 4359 nostra
770 4313 835 4357 non
859 4313 982 4377 semper
1004 4294 1157 4357 coruscat.
1203 4289 1323 4356 Idcirco

172 4407 205 4468 te
227 4401 279 4486 pie
302 4421 450 4481 oramus,
480 4403 517 4464 ut
540 4385 638 4464 solem
661 4398 829 4464 obscurare
852 4397 964 4464 debeas
987 4419 1024 4463 ac
1046 4397 1167 4462 lumine
1188 4397 1323 4483 privare,
