3146 4962
673 370 737 432 269

130 541 233 606 dicere
254 546 362 625 potes,
386 563 443 606 nec
465 563 536 605 sum
559 563 774 624 responsurus,
821 540 859 605 In
883 541 990 606 eodem
1012 542 1095 609 libro
1119 547 1277 620 narratur,

131 647 214 731 quod
237 646 320 712 Zeno
342 646 549 730 philosophus
572 646 695 710 cuidam
718 646 919 711 maledicenti
941 647 1000 711 sibi
1027 648 1126 716 dixit:
1151 649 1177 712 si
1200 649 1278 713 meis

130 751 259 815 auribus
282 758 314 815 te
336 751 476 829 audires,
500 755 627 814 taceres.
673 748 769 828 Nota,
794 750 877 833 quod
901 752 1093 818 sustinentia
1114 756 1278 818 contume-
1328 835 1331 845 Ι

131 857 243 920 liarum
257 857 292 920 in
305 856 407 920 verbis
418 855 682 938 improperiorum
693 855 756 919 fuit
772 856 803 919 in
817 855 966 939 antiquis.
999 856 1132 943 Legitur
1148 858 1187 922 de
1201 858 1278 922 nle-

103 961 260 1038 cxandro,
284 965 379 1045 prout
402 961 519 1025 dicitur
540 962 574 1024 in
598 960 631 1026 L.
657 959 708 1025 HI
730 961 768 1026 de
784 961 878 1046 nugis
898 961 1171 1046 philosophorum,
1195 963 1278 1047 quod

130 1088 199 1130 eum
224 1064 408 1151 Antigonus
440 1067 469 1130 ei
492 1066 640 1130 dixisset:
676 1067 764 1131 aetati
792 1070 856 1131 tuae
884 1069 951 1151 jam
982 1089 1091 1152 regere
1121 1069 1278 1146 convenit,

131 1172 221 1255 quasi
244 1173 339 1250 dieat,
362 1194 424 1237 non
449 1173 547 1256 pudet
577 1173 611 1236 in
635 1193 765 1256 corpore
788 1173 872 1257 regis
905 1173 1100 1260 voluptatem
1123 1173 1278 1239 dominari

130 1277 287 1342 luxuriae?
310 1275 405 1352 Quasi
421 1277 521 1343 dicat:
545 1277 698 1362 indignus
721 1299 753 1342 es
777 1299 875 1363 regno
898 1279 1020 1344 ratione
1042 1281 1146 1346 aetatis
1169 1285 1201 1344 et
1223 1300 1279 1343 vo-

130 1382 274 1466 luptatis.
312 1383 353 1447 Et
368 1388 474 1449 tamen
497 1383 729 1466 patientissime
751 1384 837 1449 tulit.
884 1381 1001 1448 Fodem
1024 1384 1107 1450 libro
1131 1387 1280 1451 narratur

91 1509 117 1544 ιο
132 1488 170 1552 de
192 1489 348 1572 patientia
363 1487 444 1553 Julii
460 1488 599 1554 Caesaris.
641 1488 719 1554 Cum
736 1489 821 1552 enim
837 1488 999 1554 calvitium
1015 1491 1155 1576 graviter
1170 1491 1280 1568 ferret,

131 1597 164 1657 et
186 1593 335 1678 capillum
360 1594 547 1658 defluentem
578 1594 738 1659 acervice
760 1593 800 1658 ad
822 1593 960 1658 frontem
982 1600 1186 1673 convocaret,
1220 1595 1279 1658 mi-

131 1696 189 1760 lite
212 1697 240 1760 ei
263 1697 404 1762 dicente:
434 1698 560 1764 facilius
590 1697 737 1775 esttibi,
768 1696 931 1777 oGaesar,
966 1699 1089 1764 calvum
1118 1722 1182 1765 non
1212 1721 1279 1765 esse

132 1824 226 1885 quam
251 1825 301 1866 me
324 1804 357 1866 in
381 1801 523 1868 Romano
547 1803 686 1868 exercitu
711 1803 886 1868 timendum
911 1803 1083 1888 quidquam
1107 1806 1208 1891 egisse
1230 1803 1280 1870 vel

131 1911 277 1972 acturum
300 1909 382 1972 asse!
414 1908 503 1986 Quod
536 1911 641 1971 tamen
673 1908 830 1991 patienter
865 1908 1029 1973 sustinuit.
1084 1911 1176 1976 Unde
1207 1933 1279 1976 oum

92 2037 118 2076 ra
133 2013 171 2077 de
194 2035 230 2077 eo
252 2017 359 2076 essent
381 2011 494 2078 famosi
518 2012 613 2076 libilli
637 2017 669 2076 et
687 2013 842 2096 jocularia
863 2015 1005 2079 earmina
1028 2015 1153 2099 publice
1176 2015 1279 2080 divul-

132 2123 226 2205 gata,
261 2123 294 2183 et
329 2120 395 2184 haec
427 2119 465 2183 ad
490 2118 718 2202 improperium
750 2140 841 2182 suum
874 2119 1105 2203 patientissime
1138 2121 1278 2188 sustulit.

132 2223 211 2288 Cum
234 2225 377 2307 quaedam
400 2228 545 2287 matrona
567 2222 633 2305 ejus
656 2222 812 2307 originem
835 2223 1009 2306 despiciens
1031 2224 1202 2308 panificum
1224 2247 1278 2290 vo-

132 2333 228 2407 earet,
253 2329 388 2394 ludendo
410 2329 552 2412 pertulit.
599 2327 721 2393 Ibidem
744 2331 893 2393 narratur
916 2328 953 2393 de
976 2328 1123 2415 Augusto
1147 2329 1279 2409 Oaesare,

132 2457 205 2500 cum
228 2435 355 2518 quidam
379 2434 495 2498 diceret
519 2433 567 2496 ci:
595 2441 788 2516 otyranne,
819 2433 999 2516 respondit:
1031 2435 1058 2498 si
1081 2457 1197 2513 essem,
1228 2435 1278 2498 in-

93 2541 215 2624 coquit,
239 2561 303 2603 non
318 2539 444 2604 diceres.
491 2537 613 2602 lbidem
623 2543 773 2603 narratur
789 2538 826 2602 de
837 2536 984 2622 Scipione
999 2537 1162 2618 Africano,
1184 2540 1280 2624 quod,

133 2667 204 2710 curn
228 2645 354 2729 qnidam
380 2667 448 2708 eum
475 2643 617 2728 pervim
642 2648 837 2729 pugnantem
869 2648 993 2708 vocaret
1021 2645 1058 2708 et‘
1086 2666 1123 2709 er
1146 2644 1204 2710 hoc
1227 2666 1279 2709 ar-

133 2753 254 2836 gueret,
278 2749 459 2834 respondit:
489 2750 710 2833 imperatorem
740 2748 862 2832 peperit
892 2771 942 2813 me
971 2752 1072 2814 mater
1094 2772 1181 2830 mea,
1214 2771 1279 2814 non

7 2875 16 2906 r
133 2856 327 2920 bellatorem.
373 2853 507 2940 Legitur
537 2855 633 2919 etiam
667 2855 704 2918 de
727 2853 873 2938 Augusto
902 2852 1022 2920 Caesare
1053 2855 1135 2920 libro
1159 2855 1209 2920 III
1241 2856 1278 2920 de

134 2962 227 3046 nugis
239 2959 510 3044 philosophorum.
547 2958 627 3023 Cum
639 2959 794 3045 Tyberins
811 2960 839 3023 ei
849 2964 1069 3043 conqueretur,
1086 2961 1170 3045 quod
1185 2961 1279 3026 multi

93 3087 119 3126 aa
133 3066 171 3131 de
193 3088 229 3130 eo
252 3066 334 3130 male
356 3066 570 3150 loquerentur,
594 3065 773 3148 respondit:
796 3065 875 3129 satis
898 3067 956 3143 e‘st,
980 3065 1008 3128 si
1031 3066 1090 3130 hoe
1113 3065 1275 3144 habemus,

133 3195 173 3237 ne
196 3174 267 3257 quis
290 3173 381 3237 nobis
405 3173 486 3236 male
508 3171 609 3236 facere
629 3171 760 3258 possit,
792 3170 907 3234 ideireo
937 3170 1003 3235 noli
1034 3171 1217 3256 indignari,
1250 3171 1279 3235 si

133 3278 248 3363 aliquis
268 3278 306 3342 de
327 3277 419 3342 nobis
446 3277 527 3341 male
551 3276 701 3359 loquitur.
746 3272 794 3338 De
826 3275 982 3359 patientia
1014 3275 1170 3361 Antigoni
1193 3276 1278 3362 regis

132 3388 243 3449 narrat
272 3382 388 3448 Seneca
416 3381 499 3445 libro
520 3378 570 3444 Ill
593 3381 631 3445 de
654 3380 710 3444 ira.
755 3378 835 3444 (lum
858 3380 995 3444 audisset
1026 3379 1148 3464 aliquos
1178 3381 1216 3445 de
1247 3403 1280 3446 se

132 3488 216 3555 male
237 3487 418 3552 existimare
440 3490 472 3550 et
493 3485 592 3569 loqui,
615 3489 652 3549 ut
674 3484 735 3570 ipsi
758 3485 915 3569 putabant
938 3485 1037 3549 inscio
1060 3506 1144 3570 rege,
1172 3485 1281 3550 omnia

93 3601 238 3660 satamon
264 3593 424 3678 cumipse
447 3592 585 3669 audiret,
612 3612 648 3656 eo
671 3591 754 3675 quod
777 3591 861 3654 inter
884 3612 916 3654 se
945 3595 977 3654 et
996 3589 1144 3655 dieentes
1174 3592 1280 3656 tenuis

134 3700 227 3765 modo
249 3698 351 3782 parics
374 3698 557 3781 interjectus
581 3701 679 3774 esset,
704 3696 803 3761 solam
826 3718 954 3760 manum
977 3697 1089 3761 leviter
1112 3697 1282 3762 commovit

133 3806 239 3870 dicens
262 3805 352 3888 quasi
374 3805 408 3868 in
432 3825 566 3887 persons
588 3802 736 3880 alterius:
767 3801 842 3866 hinc
870 3802 1035 3880 discedite,
1072 3823 1112 3866 nc
1141 3823 1196 3866 rex
1226 3823 1281 3866 vos

100 3905 104 3916 ’
133 3912 251 3977 audiat.
296 3908 377 3974 Item
402 3908 499 3973 refert
521 3906 638 3972 Seneca
661 3905 729 3972 Lib.
754 3905 801 3971 IV
825 3907 863 3970 de
883 3906 931 3970 ira
953 3905 991 3971 de
1013 3907 1098 3972 dioto
1120 3927 1194 3992 rege
1211 3907 1280 3970 An-

7 4043 9 4100 g
133 4019 253 4103 tigono,
278 4016 371 4099 quod,
395 4037 464 4080 cum
480 4015 615 4098 quadam
639 4013 704 4077 vice
727 4012 867 4076 audisset
888 4013 1039 4095 quosdam
1063 4034 1101 4076 ex
1124 4011 1279 4076 militibus

95 4144 120 4184 cc
134 4123 242 4189 omnia
264 4121 349 4186 mala
371 4121 580 4204 imprecantes
603 4119 675 4196 sibi,
700 4118 831 4185 accessit
854 4117 894 4181 ad
916 4139 978 4196 eos,
1003 4118 1138 4183 maxime
1162 4118 1216 4201 qui
1231 4118 1279 4182 la-

133 4227 300 4306 borabant,
322 4229 355 4290 et
378 4247 448 4290 curn
472 4246 524 4288 eos
546 4224 717 4288 audivisset
739 4227 771 4286 et
795 4223 989 4308 ignorarent,
1013 4246 1033 4286 a
1055 4221 1278 4307 quoaudiren·

133 4340 204 4412 tur,
235 4330 400 4396 admonuit
430 4351 481 4394 eos
504 4329 625 4394 dicens:
660 4349 744 4392 nune
773 4328 981 4393 maledixistis
1012 4327 1199 4414 Antigono,
1226 4327 1279 4394 sed

134 4459 218 4506 nunc
232 4437 312 4503 bene
327 4439 435 4520 optate
451 4435 488 4516 ei,
506 4434 589 4519 quod
602 4455 654 4499 vos
667 4433 783 4519 diligit.
816 4432 899 4498 Mira
908 4433 994 4500 enim
1009 4432 1173 4500 humilitas
1183 4433 1278 4517 regis,
