3146 4962
821 295 884 358 274

277 463 380 531 dicere
402 485 499 548 quam
521 466 624 549 epulis
646 465 743 552 regiis
765 466 907 551 saginari
929 470 961 530 et
984 466 1081 532 eidem
1106 467 1236 534 adulari.
1333 459 1344 472 ’

443 638 500 704 De
522 641 708 724 quinque
732 641 857 726 agnis
880 645 920 706 et
943 642 1061 727 lupo,
1085 643 1157 707 dial.
1183 641 1255 710 119.

363 776 451 863 Agni
473 779 613 862 quinque
634 779 738 843 relicti
761 802 780 843 a
802 779 987 862 parentibus
1005 781 1090 845 volut
1105 781 1218 866 pupilli
1235 787 1268 848 et
1283 784 1439 868 orphani
1551 845 1553 862 ,

276 905 297 946 0
325 883 567 968 consanguineis
596 887 628 948 et
658 906 677 947 a
705 884 865 947 tutoribus
896 886 1096 969 regebantur.
1142 885 1283 961 Quadam
1319 895 1443 954 autem

251 986 346 1054 11100
368 987 461 1069 lupus
485 1009 583 1051 unum
608 1008 646 1050 ex
668 987 717 1051 his
748 987 828 1051 clam
860 989 898 1052 ad
922 1009 956 1052 se
980 990 1103 1053 1000111
1125 991 1245 1060 dicens:
1269 995 1374 1076 cupio
1402 994 1445 1056 de

277 1095 309 1154 te
332 1091 497 1157 condolere
523 1096 561 1155 ut
591 1092 628 1154 de
650 1092 788 1176 pupillo,
822 1093 904 1156 unde
944 1092 1013 1159 1010
1036 1095 1096 1159 1111
1121 1096 1228 1164 literas
1252 1099 1443 1177 insinuare,

277 1201 313 1262 ut
336 1197 487 1281 proficere
508 1197 628 1279 possis3
652 1203 867 1262 verumtamen
890 1219 986 1284 perge
1008 1201 1096 1283 prius
1118 1203 1157 1266 ad
1178 1202 1292 1268 fratres
1307 1209 1389 1270 tuos
1408 1209 1445 1268 et
1551 1245 1553 1262 .

278 1303 338 1380 die,
357 1304 503 1368 uttecum
513 1301 689 1366 veniantad
700 1323 749 1366 me
757 1303 794 1366 ad
805 1303 1054 1370 confirmandum
1066 1327 1186 1372 mecum
1203 1310 1282 1374 aeta
1316 1312 1446 1394 Agnus
1544 1297 1553 1416 1

279 1408 428 1473 innocens
452 1407 578 1492 gavisus
600 1411 648 1470 est
663 1406 778 1492 gaudio
796 1428 910 1492 magno
933 1408 1024 1474 valde
1046 1413 1078 1472 et
1100 1411 1240 1493 perrexit
1254 1413 1294 1476 ad
1310 1413 1443 1476 fratres

240 1536 352 1580 100000
376 1513 496 1578 ethaeo
525 1511 632 1576 omnia
659 1512 829 1576 intimavit.
876 1513 934 1578 Oui
965 1514 1129 1580 dixerunt:
1164 1516 1223 1580 hoe
1252 1517 1440 1599 plurimum

280 1620 371 1686 nobis
395 1617 507 1702 placet,
531 1618 585 1680 sed
608 1639 715 1681 eamus
738 1617 777 1680 ad
793 1621 913 1682 tutores
930 1624 1064 1698 nostros,
1089 1625 1125 1685 ut
1141 1621 1310 1686 consulent
1323 1622 1440 1688 nobis,
1546 1625 1553 1647 ¹

282 1725 404 1802 Quibus
435 1722 583 1787 dixerunt
612 1725 750 1786 tutores:
784 1725 921 1788 caveatis
952 1747 1049 1789 vosa
1078 1726 1136 1790 tali
1158 1727 1325 1810 magistro,
1356 1728 1443 1810 quia

281 1831 309 1894 si
338 1830 377 1894 ed
407 1829 510 1912 ipsum
540 1828 656 1892 reversi
686 1827 828 1906 fueritis,
857 1830 1019 1915 jugulabit
1050 1853 1113 1896 vos.
1161 1830 1214 1896 llli
1236 1837 1342 1898 autem
1366 1854 1440 1897 non

281 1934 481 2000 attendentes
508 1933 547 1996 ad
571 1933 737 1997 consilium
760 1933 919 1998 seniorum
942 1937 981 1999 ad
1004 1937 1114 2020 lupum
1137 1942 1357 2014 accesserunt,
1382 1937 1438 2000 lu·
1551 1937 1553 1972 ³

246 2059 271 2096 1⁶
285 2063 345 2127 pus
368 2045 473 2104 autern
497 2039 606 2102 videus
628 2038 827 2104 laetabundus
849 2041 977 2104 effectus
1000 2044 1049 2105 est
1080 2044 1112 2104 et
1143 2041 1176 2104 in
1208 2043 1292 2124 ipsos
1314 2041 1438 2106 saliens
1552 2039 1553 2110 f

281 2145 442 2230 jugulavit
471 2148 559 2208 etse
582 2167 654 2208 cum
676 2145 751 2208 filiis
774 2147 840 2210 suis
871 2148 960 2230 pavit
990 2147 1112 2212 dicens:
1150 2149 1231 2212 male
1263 2148 1372 2232 pergit
1401 2154 1436 2212 et
1552 2125 1553 2200 l

284 2251 433 2328 offendit,
458 2249 512 2333 qui
528 2249 699 2332 majoribus
723 2273 786 2314 000
810 2251 917 2315 credit.
964 2250 1049 2337 Ergo
1072 2252 1197 2318 eredere
1219 2253 1368 2318 debemus
1385 2253 1433 2318 'ed

285 2358 444 2422 seniorum
467 2341 644 2431 consilium,
668 2355 743 2437 quia
765 2355 880 2420 dicitur
903 2355 965 2420 Job
978 2355 1073 2421 XV⁰:
1096 2359 1129 2421 in
1146 2358 1288 2442 antiquis
1311 2361 1360 2422 est
1383 2380 1435 2422 00-

285 2463 407 2546 pientia
429 2464 461 2524 et
483 2459 517 2522 10
538 2459 634 2543 longo
657 2463 798 2542 tempore
820 2462 997 2544 prudentia
1034 2463 1190 2528 Debemus
1206 2464 1302 2526 etiam
1325 2467 1432 2528 00010-

245 2584 270 2620 2⁰
285 2567 352 2631 dire
375 2565 543 2630 consilium
565 2563 656 2628 nobis
680 2565 788 2628 datum
812 2567 947 2630 maxime
970 2567 1010 2632 ab
1034 2567 1152 2632 amicis.
1199 2566 1322 2632 Dicitur
1345 2568 1434 2632 enim

286 2673 376 2738 Prov.
401 2670 484 2737 111⁰:
507 2669 629 2734 custodi
652 2670 754 2756 legem
776 2674 871 2755 atque
887 2673 1055 2738 consilium
1086 2672 1201 2738 eterit
1223 2671 1290 2734 1110
1311 2672 1429 2736 animae

286 2786 348 2844 tuae
369 2783 402 2842 et
424 2777 528 2863 gratia
557 2774 699 2840 faucibus
728 2776 800 2838 tuis.
846 2775 987 2854 Dicitur,
1018 2779 1100 2860 quod
1131 2775 1260 2860 quidam
1290 2776 1432 2860 agricola

286 2883 473 2970 agricolarit
501 2887 618 2945 terram
649 2880 807 2944 seminans
843 2881 877 2943 10
910 2903 946 2945 00
975 2903 1081 2946 semen
1112 2882 1178 2946 lini.
1226 2880 1294 2945 Hoc
1316 2882 1427 2946 videns

265 3025 269 3036 ·
287 2990 432 3076 hyrundo
456 2989 547 3052 docta
568 2990 600 3050 et
621 2985 752 3068 antiqua
766 2987 971 3071 congregarit
985 3009 1094 3052 omnes
1109 3007 1180 3050 aves
1196 2985 1291 3050 simul
1307 2985 1428 3050 dicens:

249 3116 273 3154 0
288 3097 340 3162 hie
363 3115 438 3180 ager
467 3097 499 3158 et
521 3090 581 3156 hoc
612 3113 718 3156 semen
750 3091 841 3155 nobis
875 3093 956 3156 male
992 3092 1119 3158 vincula
1154 3092 1314 3168 minatur,
1351 3091 1435 3154 nude

288 3199 503 3285 disperdamus
535 3219 589 3273 ea,
616 3201 785 3278 antequam
815 3206 964 3262 crescant.
1001 3196 1183 3262 Noluerunt
1197 3202 1303 3260 autem
1320 3193 1432 3268 adhuc,

287 3308 352 3372 imo
373 3301 645 3388 reprehendebant
667 3322 735 3364 eam
757 3302 1007 3386 improperantes
1023 3325 1120 3368 vanos
1135 3303 1273 3368 timoses.
1305 3297 1431 3364 lnterea

288 3411 386 3476 herba
408 3407 507 3473 011111
529 3407 567 3470 de
588 3406 684 3470 humo
707 3411 740 3470 et
762 3406 908 3490 hyrundo
932 3407 1046 3472 iterum
1069 3413 1178 3473 monet
1201 3407 1322 3470 instare
1345 3404 1428 3488 peri-

288 3518 367 3584 cula
409 3516 491 3578 Aves
512 3533 584 3576 vero
608 3534 733 3576 rursum
756 3512 940 3576 deridebant
963 3513 1121 3591 dicentes3
1157 3510 1305 3596 hyrundo
1327 3509 1430 3594 placat

250 3645 276 3681 00
289 3622 433 3688 homines
456 3619 518 3684 sibi
541 3623 573 3682 et
595 3618 758 3682 blanditur
783 3621 878 3682 cantu
901 3639 967 3682 suo.
1013 3616 1148 3682 Interim
1177 3616 1277 3680 linum
1303 3616 1432 3680 metitur

289 3731 322 3795 01
343 3728 426 3791 fiunt
448 3725 545 3801 retia,
568 3745 638 3808 quae
660 3745 730 3788 0100
755 3722 931 3805 capiebant.
977 3721 1066 3786 Tunc
1092 3741 1294 3786 omnesones
1317 3740 1433 3804 cogno·

291 3836 403 3898 rerunt
425 3850 560 3896 errorem
584 3850 674 3894 sunm
699 3831 731 3890 et
761 3827 982 3910 poenituerunt
1009 3827 1109 3892 tarde.
1156 3826 1247 3890 Unde
1276 3825 1350 3904 ille,
1382 3825 1436 3908 qui

290 3938 413 4022 spernit
435 3935 513 4000 utile
535 3934 718 4013 consilium,
752 3933 850 3997 sumit
881 3931 994 3998 inutile
1024 3933 1156 4008 011110,
1193 3931 1248 4015 qui
1270 3929 1367 3994 nimis
1389 3933 1437 3994 est
1552 3919 1553 3924 ¹

290 4047 389 4122 tutus,
409 4043 480 4126 jure
502 4040 588 4104 subit
599 4039 687 4104 retia.
722 4036 762 4102 Et
778 4045 863 4117 0010,
889 4038 972 4122 quod
995 4038 1246 4122 quandocunque
1270 4035 1435 4101 consilium
1552 4115 1553 4132 χ

251 4169 276 4206 01
291 4149 362 4213 vilis
385 4168 527 4233 personae
548 4146 754 4210 utilissimum
778 4149 825 4208 est
848 4149 880 4208 et
903 4145 986 4228 quod
1009 4144 1172 4229 ingenium
1187 4141 1356 4226 plusvalet
1373 4139 1435 4202 111-

290 4258 369 4320 tute.
418 4253 507 4318 Unde
538 4273 661 4318 versus:
695 4251 856 4336 ingenium
889 4253 1017 4333 superat
1048 4251 1129 4313 vires
1161 4251 1194 4312 et
1216 4268 1339 4310 summa
1361 4267 1435 4330 prn-
1552 4277 1553 4340 y

292 4358 399 4426 dentia
421 4361 470 4422 est
491 4358 648 4441 prudenti.
695 4355 794 4422 Prout
816 4356 984 4436 scribitur,
1014 4355 1098 4438 quod
1120 4353 1227 4439 aquile
1250 4351 1361 4417 101000
1381 4371 1437 4435 per
