3172 4962
843 349 906 413 128

304 520 393 597 Quod
415 520 526 604 utique
548 521 621 586 licet
643 524 676 585 et
698 520 864 604 expediens
887 525 946 600 ert,
968 524 1005 586 ut
1028 520 1105 586 dicit
1128 521 1237 589 doctor
1259 527 1390 589 sardus
1405 545 1467 589 se-

304 626 407 692 cunda
436 625 579 690 secunda
609 647 660 710 qu.
692 623 856 690 CLXVIII
885 625 919 690 in
951 625 1110 691 solutione
1138 628 1245 692 ultimi
1275 630 1470 714 argumenti

304 735 337 797 et
359 731 427 809 hoc,
451 731 479 795 si
501 730 588 795 fictio
601 730 739 794 exterior
753 731 898 795 interiori
922 729 1082 795 devotioni
1099 734 1132 796 et
1147 732 1349 816 dispositioni
1364 733 1468 798 bonae

304 837 479 902 conveniat.
536 835 633 901 Utilis
664 841 713 901 est
742 858 818 922 ergo
849 857 987 921 praesens
1016 837 1097 900 liber
1128 837 1391 921 predicatoribus
1429 842 1470 901 et

278 943 376 1007 saliis
399 942 576 1027 quibusque
598 942 852 1028 intelligentibus
883 949 996 1008 contra
1018 941 1241 1028 fatigationem
1273 941 1467 1018 animalem,

304 1053 340 1112 ut
362 1069 418 1132 per
441 1045 681 1111 delectationem
712 1045 857 1130 jocunda
889 1047 1029 1111 materiae
1061 1046 1244 1131 aliqualiter
1273 1045 1471 1110 intermissa

304 1152 483 1217 intentione
517 1153 554 1218 ad
585 1151 795 1216 insistendum
824 1151 959 1216 rationis
991 1151 1096 1215 studio
1127 1151 1320 1235 simplIcium
1357 1148 1469 1214 animi

304 1256 343 1321 ad
366 1257 481 1322 altiora
503 1256 680 1322 trahantur.
727 1254 816 1321 Siout
850 1255 884 1320 iu
909 1255 1141 1322 Collationibur
1174 1259 1302 1340 patrum
1327 1255 1467 1338 legitur,

304 1362 388 1446 quod
410 1363 521 1428 beatus
533 1362 728 1447 evangelista
744 1360 918 1440 Iohannes,
943 1361 1018 1426 dum
1035 1361 1164 1446 quidam
1178 1361 1467 1438 scandalizaretur,

266 1487 291 1526 rc
305 1467 389 1550 quod
418 1488 489 1532 eum
522 1487 593 1531 cum
623 1466 689 1530 suis
719 1465 883 1550 discipulis
911 1463 1073 1530 ludentem
1097 1465 1238 1544 invenit,
1266 1465 1385 1531 dicitur
1408 1465 1465 1530 illi

304 1572 486 1649 mandasse,
516 1571 571 1654 qui
602 1591 709 1635 arcum
740 1571 890 1656 gerebat,
923 1574 960 1635 ut
991 1570 1144 1656 sagittam
1167 1569 1318 1636 traheret.
1365 1568 1464 1644 Quod

305 1697 376 1742 cum
406 1675 525 1759 pluries
558 1673 702 1751 fecisset,
736 1673 902 1758 quaesivit,
938 1679 1046 1739 utrum
1076 1674 1142 1738 haee
1172 1674 1323 1740 continua
1354 1673 1464 1739 facere

304 1785 420 1866 posset.
466 1779 527 1854 Qui
549 1779 731 1862 respondit,
769 1777 873 1862 quod,
904 1781 932 1844 si
960 1778 1027 1844 haec
1058 1778 1209 1844 continue
1232 1779 1366 1857 faceret,
1400 1783 1463 1843 sut

305 1907 396 1952 arcus
417 1884 621 1970 frangeretur
650 1887 706 1948 aut
735 1883 897 1949 remissius
920 1883 1020 1948 telum
1043 1883 1219 1967 projiceret
1264 1881 1313 1948 Ex
1335 1883 1458 1967 quibus

266 1991 415 2057 rubeatus
437 1988 600 2054 Johannes
623 1989 745 2069 intulit,
770 1989 855 2073 quod
877 1989 1027 2054 similiter
1048 1989 1174 2053 animus
1195 1988 1335 2053 hominis
1363 1988 1459 2054 fran-

305 2099 450 2181 geretur,
481 2095 509 2158 si
539 2115 702 2177 nunquam
733 2117 752 2158 a
782 2116 839 2159 aua
869 2094 1048 2160 intentione
1079 2094 1283 2158 relaxaretur.
1329 2091 1373 2156 Et
1395 2091 1461 2158 hoe

305 2200 389 2265 idem
412 2198 490 2264 dicit
511 2198 719 2284 philosophus
742 2199 776 2263 in
798 2197 1077 2278 IV¹⁰Ethicorum,
1103 2201 1186 2284 quod
1209 2201 1242 2263 in
1265 2197 1359 2282 hujus
1383 2198 1462 2262 uitae

307 2305 545 2371 conservatione
567 2305 710 2389 quadam
732 2304 847 2370 animae
869 2305 993 2389 requies
1016 2327 1088 2370 cum
1103 2303 1178 2368 ludo
1194 2325 1248 2370 seu
1256 2302 1461 2387 jocunditate

306 2411 459 2490 habetur,
491 2432 562 2495 quae
585 2410 695 2494 utique
721 2410 863 2474 virtuosa
891 2414 955 2490 est,
985 2410 1068 2474 sicut
1096 2409 1175 2474 dicit
1205 2409 1395 2474 Ambrosius
1423 2407 1462 2472 in

268 2518 412 2602 reprimo
434 2517 471 2581 de
494 2515 617 2582 officiis.
664 2514 733 2580 Hoc
765 2516 798 2580 in
826 2514 947 2580 talibus
975 2515 1120 2598 jocundis
1149 2512 1328 2579 actionibus
1351 2513 1462 2578 verbis

308 2644 487 2700 caveamus,
518 2643 575 2700 ne,
611 2621 685 2685 dum
714 2620 856 2686 relaxare
878 2620 1020 2684 animum
1042 2619 1204 2698 volumus,
1235 2640 1360 2684 omnem
1383 2617 1461 2682 har-

307 2726 447 2792 moniam
469 2726 624 2790 bouorum
647 2746 778 2808 operum
800 2745 857 2809 per
871 2729 1067 2790 contemtum
1090 2723 1258 2808 quemdam
1286 2723 1458 2788 solvamus.

307 2830 373 2896 Iste
396 2853 472 2918 ergo
493 2832 584 2910 liber,
607 2831 760 2917 dyalogus
783 2835 999 2897 creaturarum
1021 2829 1211 2914 appellatus,
1238 2828 1285 2894 sio
1307 2827 1460 2893 materias

304 2936 458 3020 jocundas
481 2936 603 3022 pingit,
633 2940 671 3000 ut
699 2957 824 3001 morum
845 2935 987 3022 grarItas
1019 2939 1051 3000 et
1073 2934 1221 3018 aptitudo
1243 2932 1397 2999 doctrinae
1419 2954 1461 2997 cx

269 3037 358 3104 uehis
388 3045 517 3124 accepta
548 3061 605 3126 per
633 3045 812 3106 sanctorum
843 3041 1049 3108 auctoritates
1081 3041 1243 3104 doctorum
1275 3042 1457 3116 exornatur,

307 3146 427 3212 habeas
449 3146 526 3210 duas
549 3145 673 3210 tabulas
696 3149 897 3229 prenotatas.
941 3143 1082 3221 Quarum
1104 3145 1209 3230 prima
1231 3144 1394 3228 exprimit,
1417 3143 1456 3208 de

309 3251 424 3335 quibus
447 3251 601 3316 creaturis
625 3254 767 3315 tractant
795 3250 914 3336 singuli
944 3250 1171 3336 dyalogorum,
1202 3254 1239 3313 ut
1267 3248 1367 3313 lector
1399 3269 1462 3332 quo

309 3356 402 3422 citius
426 3355 558 3435 habeat,
589 3355 672 3419 circa
694 3375 764 3438 quae
786 3360 931 3419 versatur
960 3355 1027 3438 ejus
1050 3354 1198 3420 intentio.
1245 3351 1389 3418 Secunda
1411 3357 1462 3418 ta-

310 3459 385 3524 bula
408 3459 608 3544 alphabetico
631 3458 742 3524 ordine
761 3459 952 3544 generalitcr
975 3459 1120 3544 singulas
1136 3460 1285 3524 materias
1301 3459 1459 3524 virtutum

269 3584 296 3622 ³0
310 3569 343 3628 et
364 3565 513 3630 vitiorum
537 3565 575 3629 ad
591 3557 694 3630 mores
709 3566 942 3648 componendos
964 3569 997 3629 at
1012 3565 1215 3650 corrigendos
1230 3565 1461 3648 predicatorem

309 3673 341 3734 at
364 3669 580 3754 inquirentem
603 3671 710 3748 docet,
734 3690 796 3753 quo
819 3669 885 3734 sint
908 3690 1039 3753 quaeque
1060 3669 1130 3734 loco
1153 3668 1364 3755 reperienda,
1389 3689 1460 3753 quaa

309 3775 429 3840 scilicet
460 3776 591 3840 cuilibet
621 3775 798 3841 narrationi
829 3763 892 3840 sibi
924 3775 958 3838 in
993 3796 1141 3860 processu
1171 3793 1353 3838 sermonum
1387 3793 1464 3836 con·

308 3881 418 3946 renim
438 3885 582 3964 possunt.
714 3919 718 3932 ,
