3082 4938
659 359 720 421 175

119 533 210 618 peulo
228 531 381 618 prolixior
402 551 473 595 eme
496 529 640 610 videtur,
674 529 756 596 debo
788 536 893 596 temen
924 553 1073 617 operam,
1108 535 1145 595 ut
1179 533 1268 595 extre

120 639 305 724 propositum
328 637 414 702 nihil
438 635 593 701 adferam.

116 741 229 806 Preter
251 743 370 808 mnltns
392 746 425 806 et
456 740 697 806 florentissimas
728 741 883 818 diciones,
916 741 1045 826 ingenio
1078 747 1110 806 te
1141 761 1266 826 quoqne

116 846 194 912 Dens
217 849 346 912 ornarit
368 847 558 923 excellenti,
592 844 717 925 Oaeser,
753 847 798 910 sio
828 851 864 910 ut
895 846 980 910 inter
1005 846 1115 910 heroes
1139 847 1210 910 illos
1233 849 1265 910 et

116 955 226 1036 priseos
250 953 460 1036 imperatores
485 953 598 1016 merito
622 952 734 1016 debens
757 938 946 1016 numeraris
973 951 1041 1028 Quo
1072 951 1173 1036 magis
1203 950 1264 1014 mi·

115 1081 181 1123 rum
203 1059 301 1122 videri
327 1061 442 1141 potest,
468 1077 524 1120 our
547 1079 566 1120 e
586 1060 653 1120 tem
675 1055 787 1119 multis
811 1077 895 1120 nune
917 1055 1010 1119 nonis
1029 1056 1111 1120 nihil
1127 1056 1264 1139 emplius

114 1163 145 1227 in
168 1163 224 1227 hee
244 1183 345 1226 oense
366 1162 553 1244 perfeceris,
576 1161 752 1244 praesertim
775 1183 847 1226 enm
870 1161 940 1226 fieri
962 1183 1026 1225 non
1050 1161 1161 1246 possit,
1185 1161 1264 1244 quin
1287 1163 1295 1172 “

113 1269 204 1354 longo
225 1289 338 1331 rerum
361 1289 420 1330 usn
443 1265 545 1330 mults
566 1265 721 1330 didiceris.
755 1263 959 1330 Voluntatem
985 1266 1111 1349 quidem
1135 1274 1167 1329 et
1190 1287 1264 1328 eon·

112 1373 181 1438 silio
196 1377 308 1437 nostre
325 1370 411 1435 Dens
434 1371 467 1434 in
491 1393 547 1434 sue
569 1371 723 1454 me[P]nu
746 1369 895 1454 possidet,
919 1391 1039 1447 verum,
1062 1371 1088 1434 si
1109 1369 1264 1452 judicium

112 1482 281 1562 spectemus
307 1476 445 1540 rationis
467 1479 500 1539 et
523 1475 658 1540 civiliter
688 1475 873 1559 loquemur,
908 1479 1059 1560 apparet,
1093 1474 1211 1540 idcireo
1233 1480 1265 1539 te

112 1581 267 1646 remissius
296 1601 416 1666 egere,
450 1580 533 1664 qnod
566 1580 709 1664 pontifici
739 1578 883 1644 Romano
917 1581 959 1643 sis
989 1579 1150 1664 obligatus
1176 1582 1264 1664 jure·

111 1687 248 1770 jurando,
263 1689 300 1750 et
318 1685 402 1770 quod
414 1683 498 1749 nihil
511 1685 576 1750 fere
590 1707 786 1750 commovere
799 1686 902 1769 possis
920 1690 974 1749 aut
990 1685 1168 1764 immutare,
1185 1686 1263 1770 quin

115 1790 198 1854 illum
218 1789 378 1855 offendes.
425 1789 514 1866 Quod
538 1790 563 1852 si
588 1790 635 1854 ite
658 1794 722 1867 est,
745 1789 920 1873 optandum
943 1790 985 1852 sit
1008 1790 1041 1853 in
1065 1791 1196 1874 primis,
1228 1794 1266 1855 ut

114 1917 147 1958 er
168 1918 204 1960 ea
224 1903 258 1960 te
286 1895 445 1960 servitute
475 1915 583 1958 rursus
614 1895 647 1958 in
682 1894 862 1959 libertatem
897 1915 1059 1959 assereres.
1106 1893 1264 1961 Callidum

115 1999 205 2065 fuine
226 2003 362 2085 oportet
382 2021 419 2064 ee
441 1999 631 2064 mirabiliter
654 1999 820 2083 providum
843 1997 1010 2076 Setenem,
1043 2000 1098 2083 qui
1130 2022 1197 2065 rem
1228 2023 1264 2068 eo

115 2105 245 2172 deduxit.
293 2104 559 2191 investigandum
583 2110 631 2168 est
653 2105 763 2190 igitur,
786 2125 856 2187 quoe
878 2105 921 2167 sit
943 2103 1036 2186 hujus
1054 2105 1264 2188 jurisjurandi

117 2209 201 2290 retio,
224 2209 387 2295 quomodo
412 2213 523 2274 notum
544 2210 587 2274 sit
602 2215 634 2274 et
647 2213 856 2293 usurpatum
880 2231 917 2273 ex
931 2231 970 2273 eo
986 2214 1095 2293 postes
1111 2209 1266 2293 liquidum
1345 2257 1350 2263 -

684 2329 702 2368 ss

119 2417 201 2482 dweil
223 2419 274 2484 die
295 2418 504 2505 gelegenheit
524 2418 589 2482 und
611 2419 729 2503 gestslt
751 2418 804 2483 des
827 2418 1022 2504 Arguments
1044 2417 1180 2498 fordert,
1205 2441 1261 2484 en·

117 2523 244 2608 reignng
267 2523 445 2588 derhnlben
468 2523 619 2587 rothun.

197 2625 241 2692 ns
267 2626 328 2692 het
354 2625 418 2691 Got
440 2627 496 2691 der
527 2625 716 2711 almechtig,
750 2627 851 2692 neben
884 2649 919 2692 so
951 2627 995 2692 vil
1018 2627 1265 2715 Kdnigreiehen,

117 2729 149 2794 n
172 2731 213 2796 Μ.
238 2733 322 2797 sueh
349 2733 410 2795 mit
431 2730 554 2795 soleher
575 2732 737 2795 vernunlit
760 2733 824 2796 und
856 2734 1005 2797 verstend
1040 2733 1177 2820 begsbt,
1212 2737 1267 2800 des

118 2834 150 2900 lt
166 2835 206 2900 ll
230 2838 334 2900 under
351 2836 487 2900 anderen
505 2835 744 2901 hoehlhbliehen
762 2836 951 2902 Remisehen
970 2837 1130 2919 Keiseren‚
1155 2841 1267 2906 billieh

118 2961 185 3025 meg
206 2937 380 3026 gerhdmet
401 2942 466 3005 ond
490 2941 636 3026 geprisen
661 2942 794 3006 werden.
841 2942 888 3007 lst
916 2943 1085 3009 derhelben
1120 2945 1266 3012 hoellish

117 3047 409 3122 rosemundam,
434 3045 576 3109 werumb
590 3045 626 3108 E.
645 3045 687 3110 M.
711 3046 829 3111 seither
851 3067 886 3111 so
909 3048 955 3112 vil
973 3049 1078 3131 jeten,
1100 3051 1150 3113 nit
1171 3057 1267 3116 etwas

119 3149 201 3214 mehr
223 3151 290 3214 und
313 3151 431 3228 freier,
455 3151 489 3214 in
512 3150 595 3215 diser
617 3151 734 3215 snehen
756 3152 928 3237 gehendelt
950 3153 1023 3230 het,
1047 3154 1138 3218 dweil
1162 3177 1194 3218 es
1218 3158 1268 3220 nit

119 3254 174 3318 nol
195 3258 310 3320 endere
333 3256 475 3340 moglieh
498 3256 549 3334 ist,
573 3256 610 3322 Ε.
627 3255 670 3322 Μ.
688 3261 758 3322 mlle
776 3258 894 3321 seither
909 3258 953 3322 vil
968 3258 1062 3342 dings
1079 3260 1267 3342 genrerohet,

26 3435 31 3444 Ι
119 3358 255 3444 gelernet
289 3360 357 3424 und
392 3359 539 3424 erlehren
571 3361 683 3426 beben.
730 3361 792 3427 We
825 3385 869 3426 ιιιι
899 3363 1068 3428 eusserlieh
1091 3363 1204 3428 hieron
1229 3370 1268 3431 nd

118 3465 205 3529 reden
227 3467 272 3530 ist
294 3466 397 3550 (deno
414 3463 477 3530 Got
499 3467 557 3530 het
578 3489 692 3532 unsere
713 3466 893 3552 gedenelren
919 3469 982 3532 und
1007 3469 1084 3532 alles
1106 3467 1140 3531 in
1164 3470 1268 3534 seiner

120 3567 209 3653 hond)
230 3591 267 3634 so
290 3571 438 3636 seheinet
458 3592 492 3634 es
515 3571 581 3635 und
603 3569 660 3634 het
682 3571 754 3652 [27]
784 3591 893 3655 grosse
925 3574 1138 3656 vermdtong,
1175 3573 1268 3638 dweil

122 3671 215 3738 ΕΜ.
239 3677 311 3740 dem
336 3675 440 3759 Bepst
462 3676 521 3739 mit
544 3675 604 3740 llid
626 3675 785 3760 zdgethon
809 3677 868 3756 ist,
900 3678 965 3741 und
998 3677 1052 3739 des
1081 3677 1127 3740 sie
1150 3697 1191 3739 on
1214 3677 1268 3742 des

122 3777 228 3864 ants
250 3779 395 3845 neohteil
424 3779 489 3843 und
514 3780 711 3866 misgefallen
736 3781 838 3847 sohier
860 3782 950 3847 niehs
973 3782 1006 3844 in
1030 3781 1130 3845 disem
1153 3783 1268 3846 handel

122 3879 209 3949 riren
231 3886 314 3951 noch
336 3885 514 3971 engreiffen
538 3886 611 3964 hen,
635 3887 690 3950 das
714 3887 819 3952 solehs
834 3887 870 3952 Ε.
888 3887 931 3952 Μ.
956 3887 1006 3950 nit
1028 3888 1132 3971 wenig
1154 3887 1267 3973 enligt.

124 3986 179 4053 We
199 4013 242 4056 nn
264 3991 339 4054 dem
362 3990 432 4054 also
454 3989 507 4067 ist,
529 4012 610 4056 were
632 3991 779 4056 hoehlieh
801 3995 838 4058 sd
862 3991 1043 4069 whosehen,
1068 4013 1101 4054 es
1123 3990 1178 4055 het
1200 3992 1269 4056 sioh

125 4090 219 4158 EM.
242 4117 301 4159 ens
325 4095 428 4158 disem
452 4095 657 4178 eigenthumb
681 4097 831 4182 begeben,
858 4097 924 4161 und
947 4097 981 4160 in
1004 4095 1135 4160 freiheit
1156 4098 1268 4162 wider·
1391 4141 1394 4146 -

126 4199 349 4264 omberrettet.
382 4197 427 4262 Es
449 4201 517 4264 mds
541 4199 666 4266 freilieh
688 4201 739 4264 ein
764 4202 888 4287 listiger
902 4201 1000 4266 Seten
1023 4223 1164 4286 genesen
1188 4205 1268 4282 sein,

128 4299 224 4366 deren
245 4303 346 4368 dohin
378 4303 544 4387 praetieirt
575 4305 640 4370 het.
688 4305 829 4372 Derumb
860 4307 918 4371 ists
949 4307 1124 4392 hoehndtig
1151 4313 1189 4374 nh
1220 4330 1270 4372 er·

131 4424 240 4492 regen,
270 4411 332 4474 wie
355 4431 390 4474 es
413 4410 490 4473 umh
511 4411 597 4477 disen
620 4409 681 4477 Eid
704 4413 774 4477 eine
794 4412 915 4499 gestelt
946 4413 1048 4478 haben
1080 4433 1169 4498 meg,
1204 4411 1270 4479 ond
