3172 4958
851 365 891 424 30

299 535 340 608 te,
365 529 448 595 dulei
464 531 620 616 sanguine
635 532 732 609 vivis,
755 533 858 598 amisa
873 531 1087 597 membrorum
1102 533 1289 620 compagine
1300 533 1449 598 subsistis

300 639 331 700 et
353 636 520 702 humorum
546 643 673 700 tuorum
696 637 782 720 paois
798 637 914 702 foedere
928 637 1083 704 solidaris.
1118 637 1239 702 Revera
1260 643 1348 705 totus
1372 637 1450 703 ordo

301 725 423 806 naturae
438 741 477 804 ad
493 741 642 824 pietatem
652 741 802 805 tetrehit.
834 739 981 805 (loelestia
996 743 1079 806 enim
1104 765 1139 808 ao
1154 743 1318 808 terrestria
1339 743 1451 828 regola

298 851 425 912 tantum
435 846 587 910 bonitatis
602 851 713 929 agunt,
737 850 774 910 ut
790 846 885 912 vivas.
916 847 1039 930 Quippe
1051 868 1116 912 non
1128 849 1206 912 emis
1218 848 1359 932 eorporis
1369 847 1449 912 vivi·

272 969 285 1008 ὁ
298 952 392 1017 ficum
401 957 531 1027 motum,
543 971 600 1014 nee
608 950 680 1014 meli
692 952 797 1015 lumen
806 951 1067 1030 conservativum,
1078 951 1149 1016 sitis
1158 951 1268 1017 ilatum
1277 953 1370 1032 aeris,
1383 975 1448 1017 non

298 1056 499 1122 exuberantis
512 1055 668 1139 impetum
682 1053 832 1133 fluminis,
849 1055 964 1137 quibus
981 1056 1067 1119 vivis.
1114 1055 1216 1133 Unde,
1240 1077 1356 1141 quaeso,
1381 1056 1449 1122 haee

299 1162 407 1226 omnia
429 1161 491 1224 nisi
513 1181 551 1224 ex
575 1159 642 1224 sola
664 1163 787 1224 notura
810 1159 1002 1224 elementia?
1026 1157 1131 1244 Igitur
1153 1160 1338 1245 derelinque
1360 1161 1448 1226 furo-

297 1287 375 1344 rem,
399 1265 512 1348 mitiga
534 1264 665 1341 rabiem,
689 1265 814 1347 quiesse
837 1265 946 1328 smvire
975 1269 1008 1330 et
1030 1271 1062 1330 te
1085 1265 1123 1330 ad
1146 1266 1333 1331 imitandam
1357 1287 1445 1332 eom·

298 1393 425 1436 munem
448 1370 599 1454 pietatem
624 1373 777 1434 converte.
823 1367 875 1432 Ad
898 1368 964 1433 haee
995 1369 1051 1434 ille
1072 1391 1184 1453 parum
1209 1370 1369 1436 emollitus
1392 1392 1443 1435 re·

258 1476 444 1560 rospondit:
468 1494 580 1556 uempe
602 1493 672 1555 quae
694 1472 854 1556 sapienter
876 1472 1030 1550 hortaris,
1055 1473 1122 1539 haee
1143 1495 1289 1559 agerem,
1312 1475 1340 1538 si
1364 1475 1449 1539 mala

298 1581 477 1644 domantem
501 1578 608 1643 omnia
629 1578 785 1642 rationem
808 1577 966 1643 haberem.
1014 1579 1089 1644 Mox
1112 1579 1185 1644 illa:
1211 1579 1306 1658 bene,
1330 1581 1448 1664 inquit,

297 1685 424 1762 dixisti,
454 1683 601 1766 quoniam
626 1682 729 1746 omnis
753 1682 888 1746 erudelis
911 1684 1065 1766 asperitas
1092 1706 1129 1749 ex
1153 1684 1282 1750 feritate
1303 1685 1448 1750 bestialis

300 1790 416 1854 mentis
440 1789 595 1872 assurgit,
624 1791 841 1870 exasperatum
867 1787 950 1851 enim
974 1809 1059 1852 mare
1082 1787 1285 1872 perfunditur
1307 1791 1448 1854 tenebris

297 1901 329 1961 et
351 1895 516 1980 planatum
539 1913 649 1956 aurum
682 1890 822 1974 politura
851 1891 1037 1957 rutilantius
1067 1894 1172 1958 micat.
1229 1893 1280 1958 Sia
1309 1896 1364 1960 lux
1395 1917 1448 1960 sa·

257 2020 282 2057 1⁵
297 2000 426 2085 pientiae
460 2000 630 2061 mansuetae
661 1996 802 2060 lenitatis
831 2001 880 2059 est
913 1997 997 2060 sooia
1030 2001 1062 2060 et
1094 1998 1223 2080 pietatis
1254 1999 1448 2082 plenissima

297 2124 421 2187 semper
443 2101 552 2178 amica,
577 2101 629 2164 sed
654 2100 840 2184 perturbata
863 2104 966 2164 mente
983 2102 1032 2165 ira
1046 2105 1094 2164 est
1110 2103 1221 2168 nubila
1243 2108 1274 2168 et
1291 2103 1446 2188 insipien·

296 2209 343 2274 tie
378 2207 511 2272 obseura
534 2205 712 2270 erudelitas.
759 2203 890 2288 Sapiens
920 2227 996 2290 ergo
1027 2207 1151 2272 ratione
1182 2208 1332 2290 praeclara
1361 2208 1447 2272 mala

296 2314 403 2379 omnia
416 2313 556 2388 vincens,
572 2333 682 2395 passus
697 2309 849 2374 offensam
862 2313 1135 2396 magnanimitatis
1153 2314 1297 2395 potentia
1311 2313 1446 2397 spernit,

296 2419 504 2485 beneficentia
525 2415 727 2481 liberalitatis
750 2414 887 2479 remittit
917 2436 974 2479 nee
1005 2417 1142 2500 amplius
1165 2418 1290 2501 quidem
1316 2418 1446 2502 magni·

255 2542 282 2580 2⁰
296 2525 426 2590 lieentia
448 2523 496 2587 sui
520 2521 621 2586 cordis
642 2518 796 2584 meminit.
842 2516 894 2583 Sie
909 2519 1000 2584 illata
1015 2521 1099 2585 mala
1114 2523 1295 2588 constantia
1309 2521 1445 2608 frangit,

295 2629 451 2714 patientie
474 2625 590 2702 vineit,
621 2627 653 2688 et
675 2621 939 2703 triumphatorem
961 2645 1000 2687 ex
1021 2629 1090 2688 toto
1113 2648 1170 2709 per
1193 2627 1441 2693 misericordiam

295 2755 329 2798 se
350 2731 497 2797 ostendit.
544 2727 644 2793 Novit
675 2727 760 2791 enim
793 2731 956 2792 nocentem
987 2727 1055 2792 fore
1078 2729 1249 2795 iracundiae
1276 2733 1342 2815 jam
1366 2733 1443 2796 sub-

291 2840 409 2922 jeetum
433 2833 603 2898 etidcirco
627 2831 750 2896 devicto
773 2836 805 2896 et
827 2830 941 2914 pass0¹
972 2831 1074 2897 vietor
1103 2835 1296 2918 compatitur
1326 2838 1360 2900 et
1387 2858 1445 2918 per

295 2961 358 3005 sum
373 2939 502 3023 pietatis
517 2937 696 3003 antidotum
713 2936 909 3000 infirmitatis
932 2936 1062 3002 alterius
1084 2941 1174 3002 curat
1191 2939 1319 3005 malum.
1364 2937 1444 3004 Ira²

254 3065 279 3104 m
294 3045 394 3130 igitur
416 3043 569 3127 sapientis
592 3041 711 3106 invicte
733 3062 794 3124 pax
817 3039 958 3104 vindicta
980 3040 1156 3106 elementia.
1190 3041 1229 3106 In
1248 3044 1338 3108 bonis
1354 3045 1442 3108 enim

293 3170 415 3214 summa
437 3146 579 3221 victoria,
603 3145 635 3209 in
660 3145 751 3209 malis
767 3145 869 3209 virtus
885 3144 1049 3210 inviolata.
1093 3145 1256 3226 Attamen,
1282 3149 1336 3232 qui
1352 3148 1443 3213 llam·

292 3252 352 3318 mis
365 3252 419 3316 irre
431 3253 493 3316 sito
505 3249 695 3326 accenditur,
719 3249 810 3313 foetet
821 3250 951 3334 igneum
967 3255 1053 3315 retro
1068 3256 1104 3315 ut
1120 3251 1262 3334 sulphur.
1295 3250 1354 3316 Sed
1370 3275 1443 3316 oum

292 3362 470 3441 opportune
494 3354 632 3438 prudens
655 3353 814 3431 irascitur,
838 3353 982 3437 splendet
1004 3353 1065 3418 hoo
1086 3355 1244 3440 digestum
1268 3359 1304 3420 ut
1318 3378 1442 3423 aurum.

292 3459 465 3526 Iraoundus
481 3480 557 3544 ergo
568 3462 615 3522 est
631 3456 765 3540 sulphur
780 3457 924 3522 foetidum
939 3457 1078 3542 ignitum
1091 3464 1121 3522 et
1138 3459 1238 3524 iratus
1253 3460 1378 3544 sapiens
1394 3466 1444 3525 est

252 3565 351 3630 sohoo
375 3565 477 3649 ipsum
502 3585 613 3628 aurum
637 3562 817 3646 digestum.'
851 3559 971 3636 Quibus
994 3562 1125 3647 digestis
1147 3563 1237 3628 abiit.

292 3741 334 3806 Si
359 3761 604 3823 quemquam
631 3735 889 3813 offenderis,
914 3758 1091 3820 pavesce
1114 3759 1276 3823 semper
1297 3737 1442 3823 hujus·

807 3841 923 3908 modi.

557 3981 614 4048 De
637 3983 757 4064 vulpe
779 3985 819 4047 et
840 3982 1001 4065 aspide,
1024 4003 1092 4066 cap.
1117 3988 1166 4048 23.

377 4107 483 4173 Nimis
497 4105 645 4170 esuriens
667 4103 777 4186 vulpes
801 4105 969 4186 quaerendo
1001 4107 1125 4188 pastum
1159 4103 1234 4170 hine
1265 4106 1338 4171 inde
1368 4129 1441 4173 eum

290 4214 465 4279 furibunda
487 4211 693 4286 discurreret,
727 4229 822 4290 passu
854 4207 958 4272 minus
989 4209 1120 4292 provido
1151 4209 1286 4276 caleavit
1301 4211 1441 4294 aspidem

855 4329 873 4368 s

363 4437 375 4492 l
396 4433 507 4491 Andere
525 4431 682 4503 unriohtig:
701 4431 827 4488 devictus
845 4434 874 4487 et
891 4449 997 4504 passus.
1075 4435 1092 4489 2
1111 4435 1235 4494 Andere:
1254 4438 1304 4494 ita.
