3172 4962
699 326 760 388 195

153 492 187 557 in
209 489 315 577 ipsum
336 492 515 576 prospicere
544 497 582 558 ut
609 494 734 577 aquila,
767 500 939 580 posteaque
961 497 1168 581 magnificata
1190 519 1243 562 ero
1265 502 1302 563 ut

153 597 231 682 ipsa
277 595 419 681 Cumque
441 619 475 662 se
497 598 531 662 in
554 600 640 662 astra
663 599 816 683 erigeret,
840 601 937 685 coepit
958 601 1044 665 ultra
1065 603 1149 666 vires
1171 600 1304 688 fatigari

153 722 211 766 nec
232 701 273 766 ad
294 701 392 768 solem
415 702 596 787 attingebat
627 723 685 767 nec
714 704 811 768 etiam
835 709 965 788 propter
988 707 1206 792 arrogantiam
1233 708 1303 772 des-

153 805 284 871 cendere
307 805 464 890 cupiebat,
488 806 542 871 sed
565 807 650 873 ultra
672 829 765 873 suum
787 830 879 892 posse
900 831 1026 874 sursum
1049 811 1178 876 tendere
1196 811 1303 896 coepit

126 909 353 996 aQnapropter
375 910 511 975 nimium
533 907 717 996 aggravata,
740 934 804 977 non
827 914 934 978 valens
957 935 990 979 ae
1010 915 1189 1000 gubernare
1210 921 1243 982 et
1264 917 1305 982 ad

155 1017 253 1081 solem
277 1013 401 1094 volare,
424 1015 700 1081 irremediabiliter
722 1018 841 1082 corruit
865 1018 988 1083 dicens:
1021 1020 1077 1104 qui
1098 1019 1185 1085 ultra
1212 1041 1306 1105 posse

156 1142 278 1188 sursum
307 1121 429 1199 tendit,
461 1125 574 1188 contra
606 1122 686 1187 vella
716 1127 789 1206 post
811 1123 980 1188 descendit.
1026 1122 1078 1190 Sic
1101 1125 1187 1190 enim
1210 1125 1305 1191 multi

156 1227 284 1310 superbi
305 1232 339 1292 et
360 1225 436 1292 elati
459 1249 556 1312 supra
577 1248 686 1292 omnes
707 1228 874 1293 convolare
895 1229 1029 1312 cupiunt
1050 1235 1083 1295 et
1104 1229 1181 1315 quia
1195 1251 1305 1315 super·

156 1332 210 1397 bia
242 1353 365 1417 semper
386 1355 493 1398 casum
516 1333 633 1411 habet,
663 1338 775 1399 contra
805 1355 897 1403 suurn
927 1335 1007 1398 velle
1038 1334 1305 1413 humiliabuntur,

118 1462 144 1498 ra
157 1438 308 1520 qnoniam
330 1439 386 1523 qui
407 1459 441 1502 se
463 1436 593 1515 exaltat,
621 1437 842 1502 humiliabitur
862 1437 936 1504 Luc.
961 1437 1066 1503 xlv0.
1112 1437 1205 1504 Unde
1227 1439 1306 1504 Ber-

157 1544 292 1609 nardus:
326 1543 381 1627 qni
404 1563 437 1606 se
463 1531 584 1607 exaltat
613 1548 768 1627 quantum
799 1546 921 1627 potest,
954 1543 1118 1627 dejicietur
1149 1548 1307 1629 quantum

156 1647 242 1713 Deus
264 1653 378 1734 potest.
424 1647 467 1712 Et
490 1647 709 1732 Augustinusr
741 1646 768 1711 si
791 1647 918 1711 extollis
940 1653 992 1726 te,
1021 1647 1107 1714 Deus
1132 1649 1240 1734 dejicit
1261 1653 1305 1728 te,

157 1755 243 1819 situ
265 1753 374 1838 dejicis
396 1755 443 1831 te,
476 1752 561 1818 Deus
590 1752 694 1817 elevat
721 1756 769 1829 te;
802 1752 962 1816 sententia
985 1751 1044 1817 Dei
1071 1758 1137 1832 est,
1169 1754 1220 1819 cui
1248 1773 1306 1819 nec

158 1858 282 1924 detrahi
304 1861 410 1942 potest
430 1857 481 1923 vel
503 1857 584 1922 addi.
632 1857 695 1934 Qui
717 1878 751 1921 se
765 1858 893 1936 exaltat,
918 1857 1141 1923 humiliabitur
1162 1863 1233 1938 etc,
1257 1858 1306 1922 di-

119 1985 144 2024 ιι
158 1965 203 2030 cit
224 1964 294 2048 ipsa
314 1963 441 2040 veritas,
464 1965 560 2046 prout
583 1961 661 2027 dicit
682 1959 746 2026 Leo
767 1984 868 2045 papa:
891 1962 996 2027 videte
1017 1963 1133 2028 fratres
1154 1985 1307 2049 magnum

158 2069 355 2148 miraculum,
378 2067 464 2133 altus
487 2075 536 2133 est
557 2065 652 2145 Deus,
676 2066 704 2130 si
720 2066 817 2151 erigis
835 2070 877 2146 te,
900 2066 987 2150 fugit
1009 2071 1085 2146 ate,
1108 2068 1137 2132 si
1156 2067 1307 2134 humilias

158 2177 200 2252 te,
224 2173 386 2239 descendit
407 2173 447 2237 ad
466 2176 508 2237 ts.
554 2170 665 2236 Refert
680 2171 810 2236 Orosius
827 2171 909 2235 libro
926 2171 965 2250 V,
989 2173 1072 2256 qnod
1087 2171 1309 2258 Valeri[an]us

158 2277 332 2362 imperator
364 2280 494 2343 octavus
524 2279 597 2360 post
623 2274 784 2340 Neronem
816 2279 946 2360 propter
976 2277 1158 2360 superbiam
1179 2281 1212 2342 et
1233 2277 1308 2342 infi-

160 2383 323 2448 delitatem
345 2403 435 2447 suam
468 2381 618 2446 excit-avit
640 2380 892 2465 persecutionem
923 2379 956 2444 in
979 2381 1154 2447 cultoribus
1178 2381 1308 2460 Christi,

119 2508 145 2547 ac
158 2509 215 2572 per
237 2491 341 2552 totum
364 2487 473 2550 orbem
495 2485 625 2569 cupiens
648 2484 750 2549 delere
772 2505 888 2549 nomen
910 2483 1032 2549 Christi
1059 2490 1092 2549 st
1112 2485 1305 2550 conculcare.

159 2593 252 2658 Unde
274 2591 411 2658 interfici
433 2591 570 2656 faciebat
592 2611 719 2669 omnes,
749 2590 803 2673 qui
826 2590 1018 2655 invocabant
1038 2611 1153 2655 nomen
1176 2589 1306 2655 Christi.

160 2697 239 2763 Cum
260 2701 365 2762 autem
388 2701 548 2782 pugnaret
570 2717 640 2760 cum
663 2693 796 2778 Sapore,
826 2713 900 2779 rege
922 2694 1106 2773 Persarum,
1137 2695 1239 2760 victus
1261 2699 1310 2760 est

161 2807 193 2868 ct
219 2807 332 2886 captus
361 2823 433 2866 cum
462 2805 532 2866 toto
563 2799 703 2866 exercitu
734 2821 791 2865 suo
821 2804 854 2863 et
883 2800 1017 2865 tradidit
1048 2799 1140 2864 illum
1164 2799 1250 2865 Deua
1273 2800 1308 2864 in

160 2929 287 2972 manum
304 2905 430 2990 Saporis
453 2909 584 2989 propter
598 2904 779 2989 superbiam
794 2926 884 2970 suam
907 2909 939 2970 ct
954 2906 1057 2970 factus
1072 2908 1122 2970 est
1144 2906 1174 2970 ei
1197 2927 1306 2970 servus

122 3029 148 3070 2⁶
162 3012 309 3078 omnibus
331 3010 449 3089 diebus,
474 3009 588 3094 quibus
610 3009 702 3075 vixit.
748 3009 1004 3093 Quotiescunque
1026 3031 1100 3074 vero
1122 3010 1191 3093 ipse
1205 3009 1308 3093 Sapor

162 3137 277 3202 equum
299 3115 526 3193 adscendebat,
550 3135 621 3178 eum
643 3115 840 3197 prostratum
862 3115 966 3197 primo
987 3114 1120 3198 pedibus
1143 3114 1308 3184 conculca·

162 3223 219 3288 hct
240 3225 274 3287 et
295 3241 411 3305 equum
432 3223 543 3304 postea
564 3215 782 3284 adscendebat.

302 3395 355 3462 De
377 3395 525 3472 sterla,
549 3415 639 3478 quaa
661 3391 775 3477 cepit
797 3391 997 3476 leporem,
1021 3392 1095 3459 dial.
1119 3395 1171 3456 53.

252 3533 358 3600 Stsrla
378 3533 445 3598 avis
466 3537 516 3598 est
538 3532 653 3596 similis
675 3531 758 3618 grui,
781 3551 934 3616 magnum
956 3530 1040 3595 enim
1061 3528 1158 3595 habet
1172 3533 1313 3594 rostrum

125 3663 151 3701 ao
165 3647 198 3706 et
221 3638 440 3724 periculosum.
485 3636 562 3702 Hanc
583 3657 656 3702 cum
679 3641 783 3702 rostro
797 3637 882 3719 cepit
897 3635 1045 3720 leporem,
1069 3635 1122 3699 sed
1142 3635 1215 3699 dum
1233 3639 1315 3700 esset

164 3744 326 3820 famelica,
356 3742 460 3808 noluit
490 3741 629 3826 praedam
651 3741 811 3807 comedere
834 3741 958 3806 dicens:
989 3740 1061 3805 volo
1083 3739 1222 3823 praedam
1244 3745 1312 3804 tarn

164 3847 461 3916 excellentissimam
483 3845 556 3910 aliis
579 3846 803 3922 demonstrare,
826 3849 863 3909 ut
876 3867 895 3909 a
910 3843 1090 3909 videntibus
1106 3845 1167 3908 sim
1182 3844 1312 3930 magni·

164 3955 267 4021 ficata
312 3951 454 4035 Cumque
483 3951 523 4016 ad
551 3955 740 4015 conventum
769 3950 882 4014 alitum
905 3949 1044 4032 praedam
1067 3949 1225 4028 duxisset,
1258 3971 1313 4014 vo-

164 4059 266 4126 lucres
297 4058 444 4123 fortiores
473 4055 611 4140 praedam
642 4055 725 4122 bane
755 4056 1011 4137 concupiscentes
1041 4057 1217 4137 rapuerunt
1256 4075 1315 4121 nec

127 4184 153 4224 aa
166 4165 290 4250 partem
311 4161 450 4248 aliquam
474 4162 504 4227 ei
526 4161 732 4247 reliquerunt.
777 4157 881 4223 Sterla
913 4181 986 4224 vero
1015 4180 1086 4223 cum
1111 4179 1245 4224 moerore
1267 4158 1316 4226 fa·

167 4271 279 4336 melica
300 4265 432 4334 manens
453 4267 515 4333 ait:
548 4265 604 4351 qui
634 4264 705 4330 vult
726 4285 793 4330 rem
816 4283 905 4329 suam
928 4265 1081 4349 pandere,
1112 4265 1202 4349 cupit
1226 4265 1317 4332 illam

167 4375 308 4459 perdere
354 4372 406 4440 Sic
427 4373 512 4438 enim
535 4369 681 4437 nonnulli
712 4389 792 4436 vane
816 4369 947 4456 gloriosi
970 4369 1091 4452 omnia,
1124 4391 1195 4456 qnoe
1217 4373 1317 4457 possi.

1039 4477 1110 4544 18*
