3172 4958
864 349 905 414 32

310 524 393 590 citioe
415 545 456 603 es,
481 545 544 589 non
561 523 614 588 ibo
635 527 748 589 tecum.
795 522 864 599 Quo
880 523 1007 606 quidem
1023 522 1189 606 repudiato
1204 543 1324 608 onager
1339 521 1467 605 inquit:

310 651 423 713 sequar
452 633 500 706 te,
530 651 626 694 soror.
673 628 716 694 Et
737 628 808 694 illa:
841 629 875 694 in
906 649 1017 694 sereno
1048 628 1157 692 dolens
1191 633 1224 691 et
1253 627 1288 691 iu
1321 624 1466 692 tenebris

310 733 450 821 gaudens
473 732 588 798 lividus
611 755 663 810 es:
687 733 715 798 si
738 733 818 798 mihi
841 734 959 798 malum
977 734 1145 818 ingruerit,
1169 732 1330 811 laetareris,
1355 731 1383 795 si
1404 731 1465 794 bo-

309 861 385 902 num
409 837 624 921 contingeret,
657 838 907 916 contristareris,
942 838 1020 902 vade
1042 837 1116 920 quia
1140 838 1214 902 nolo
1240 837 1272 901 in
1310 835 1464 901 comitem

283 942 439 1009 filumiuis
462 941 595 1008 hostem.
642 940 710 1017 Quo
733 943 831 1026 ejecto
854 943 963 1007 statim
987 963 1079 1006 ursus
1110 963 1143 1006 se
1165 942 1299 1006 offerens
1321 939 1462 1005 advenit.

310 1047 368 1112 Oui
390 1045 500 1130 vulpes
523 1045 704 1130 respondit:
736 1045 939 1112 accendibilis
963 1067 1076 1130 nempe
1098 1047 1193 1111 nimis
1215 1068 1248 1111 es
1270 1044 1408 1130 pectoris
1431 1048 1466 1108 et

309 1157 454 1238 paratam
468 1152 616 1217 vindictae
630 1152 787 1238 ungulam
801 1152 909 1230 habes,
933 1151 960 1216 si
976 1151 1111 1217 fortasse
1126 1153 1160 1216 iu
1176 1172 1227 1216 me
1242 1151 1291 1216 vel
1312 1151 1345 1214 in
1362 1148 1463 1214 alium

309 1277 409 1322 saevus
432 1257 578 1334 irrueres,
602 1257 647 1322 sic
668 1261 724 1322 aut
746 1255 954 1322 confunderes
975 1257 1093 1322 sociam
1116 1259 1173 1320 aut
1194 1277 1280 1320 ream
1300 1254 1464 1320 hostiliter

309 1362 456 1438 laniares,
482 1365 586 1426 tecum
602 1383 678 1446 ergo
701 1383 765 1426 non
788 1383 929 1447 pergam.
976 1361 1065 1424 Tunc
1087 1360 1182 1436 leoni,
1206 1359 1238 1424 id
1263 1359 1365 1443 ipsum
1390 1379 1464 1422 cum

271 1489 296 1526 ιο
311 1470 441 1552 peteret,
458 1466 584 1550 inquit:
608 1487 724 1550 quaeso,
737 1466 907 1544 carissime,
923 1470 960 1530 ut
972 1486 1094 1530 mecum
1106 1485 1168 1530 non
1179 1464 1297 1542 venias,
1311 1463 1464 1547 quoniam

309 1570 523 1655 pracordialis
552 1571 717 1636 validitate
749 1571 878 1636 virtutis
912 1570 1049 1634 multum
1073 1591 1105 1634 es
1134 1571 1408 1652 presumptuosus
1431 1570 1465 1632 et
1550 1609 1551 1612 =

309 1677 421 1754 audax,
445 1675 511 1740 tale
532 1675 609 1759 quid
632 1679 664 1739 te
686 1676 887 1759 contingeret
908 1672 992 1738 forte
1014 1677 1215 1757 attemptare,
1238 1673 1323 1737 unde
1338 1672 1392 1736 vix
1406 1675 1464 1736 aut

309 1801 471 1864 nunquam
495 1780 605 1862 pedem
628 1779 791 1863 eriperem.
837 1776 959 1844 Deinde
980 1777 1111 1842 dimisso
1134 1778 1223 1844 leone
1246 1798 1326 1861 pavo
1350 1777 1384 1840 in
1408 1799 1461 1840 so·

309 1886 391 1950 cium
409 1905 479 1948 cum
491 1905 524 1948 se
539 1883 676 1961 offerret,
700 1884 728 1948 ei
745 1883 840 1947 dixit:
863 1882 1014 1946 nimirum
1032 1903 1126 1946 aures
1148 1903 1253 1966 penna
1276 1881 1465 1946 desideraris
1550 1931 1551 1958 ,

271 2012 296 2051 :s
310 1994 342 2054 et
363 2009 480 2072 pompa
503 1987 682 2065 effunderis,
706 1991 811 2052 tecum
827 2007 891 2050 non
907 2007 1048 2072 pergam,
1072 1986 1223 2069 quoniam
1239 1985 1313 2050 nolo
1328 1986 1462 2051 caudam

311 2093 440 2178 perdere
463 2093 503 2158 ob
525 2096 615 2156 tuam
638 2113 786 2176 pompam
809 2095 840 2155 et
860 2113 1008 2176 pennam.
1040 2090 1108 2166 Quo
1124 2090 1171 2155 sic
1187 2090 1350 2174 repudiato
1366 2091 1463 2174 lupus
1550 2127 1551 2186 ;

311 2221 344 2264 se
376 2196 495 2264 obtulit
527 2201 560 2261 et
590 2196 690 2260 dixit:
720 2217 825 2279 quaeso
853 2199 890 2260 ut
919 2196 1058 2260 contrita
1086 2195 1219 2278 recipias
1242 2195 1464 2280 prenitentem.

311 2303 370 2369 Cui
393 2303 465 2368 illa:
488 2323 566 2388 rogo
589 2306 626 2367 ut
648 2301 790 2366 dimittas
813 2301 957 2368 facinora
979 2321 1028 2363 me
1051 2300 1223 2384 lugentem,
1247 2300 1366 2384 quippe
1389 2321 1463 2364 cum
1550 2295 1551 2324 ³

311 2408 381 2474 fure
404 2408 587 2474 nullatenus
608 2407 730 2485 vadam,
756 2427 796 2470 ne
819 2409 882 2470 tuae
905 2404 1118 2470 damnationis
1141 2407 1198 2468 aut
1220 2404 1362 2468 criminis
1386 2427 1463 2488 par·

273 2515 413 2597 anticeps
436 2513 519 2578 fiam.
565 2511 626 2578 Sed
649 2516 681 2576 et
702 2532 798 2594 porco
820 2532 894 2575 mox
917 2509 1076 2595 ingerenti
1100 2531 1132 2574 se
1155 2510 1252 2575 dixit:
1282 2509 1359 2574 vade
1384 2510 1461 2592 quia

310 2619 384 2683 nolo
407 2623 463 2683 tua
485 2618 660 2684 sordescere
682 2615 836 2681 foeditate.
882 2615 1038 2680 Finaliter
1071 2618 1178 2678 autem
1208 2617 1298 2681 asino
1320 2614 1460 2709 multum

309 2741 342 2786 se
357 2721 514 2806 praebenti
529 2721 710 2805 respondit:
734 2720 842 2785 recede
858 2741 876 2782 a
891 2741 950 2796 me,
974 2719 1144 2798 insensate,
1168 2718 1459 2802 quoniamquidem

309 2826 427 2891 alicubi
449 2825 518 2890 sine
541 2826 663 2890 ratione
690 2825 840 2890 clamares
864 2827 895 2887 et
917 2823 1156 2889 occurrentibus
1179 2824 1263 2908 lupis
1292 2844 1357 2888 una
1385 2844 1460 2887 cum

309 2930 408 2995 stulto
431 2929 648 2994 confunderer.
695 2929 824 2994 Cunctis
847 2949 922 3014 ergo
944 2929 994 2994 his
1015 2951 1086 2993 cum
1103 2928 1236 2993 rationis
1248 2927 1369 3012 judicio
1384 2949 1462 2992 con-

270 3057 295 3096 ss
309 3033 423 3099 futatis
453 3055 648 3118 consurgens
677 3034 787 3119 vulpes
817 3053 923 3098 secum
954 3033 1020 3098 lneo
1050 3033 1163 3098 allecta
1192 3032 1338 3117 precibus
1371 3032 1466 3097 duxit

308 3139 469 3219 animalia,
493 3139 682 3224 pantheram
706 3139 849 3218 vdelicet,
872 3138 960 3222 cujus
984 3161 1019 3202 os
1035 3138 1165 3216 redolet,
1190 3137 1316 3202 simiam
1339 3159 1410 3221 quae
1425 3137 1462 3202 in

307 3243 485 3328 plenilunio
507 3244 635 3330 gaudet,
659 3267 779 3331 agnum
801 3244 932 3320 mitem,
955 3243 1191 3328 pusillanimem
1216 3244 1374 3328 leporem,
1398 3244 1463 3309 eri-

308 3350 433 3414 nacium
457 3349 538 3414 eutis
561 3349 707 3433 spinosae,
730 3349 840 3414 bovem
864 3348 903 3412 de
925 3348 1033 3412 labore
1051 3347 1219 3426 viventem,
1243 3348 1464 3412 orusimimum

308 3454 415 3519 sordes
437 3453 609 3531 vitantem,
641 3451 868 3536 formicamque
896 3452 1096 3536 prudentem.
1142 3450 1222 3516 (lum
1253 3452 1463 3537 quibuscum

269 3580 295 3617 eo
308 3557 454 3622 hilariter
477 3559 641 3642 pergeret,
677 3577 787 3622 corvus
818 3557 846 3621 ei
873 3556 984 3621 obvius
1013 3555 1111 3620 dixit:
1146 3578 1292 3640 quaenam
1324 3557 1392 3620 baec
1415 3559 1464 3620 est

308 3663 457 3728 caterva?
480 3662 537 3726 Oui
561 3661 634 3726 illa:
659 3661 758 3726 electa
781 3661 908 3744 quidem
931 3665 980 3725 est
1002 3661 1151 3725 comitiva
1167 3661 1343 3744 prudentis,
1368 3682 1463 3724 nam-

308 3788 369 3850 que
391 3787 463 3830 oum
486 3765 586 3830 eleeto
609 3767 728 3831 electus
752 3767 830 3842 eris,
854 3765 963 3848 etqui
987 3787 1058 3830 eum
1083 3765 1283 3849 sapientibus
1306 3764 1464 3851 graditur,

308 3871 433 3955 sapiens
449 3870 518 3935 erit.
552 3868 594 3934 Et
609 3870 681 3935 ille:
706 3873 789 3935 reete
797 3870 958 3953 judicasti,
983 3869 1036 3934 sed
1053 3870 1137 3947 doce,
1160 3891 1232 3935 cum
1248 3869 1362 3953 quibus
1387 3891 1465 3936 oon·

309 3977 451 4039 versatur
473 3978 505 4038 et
527 3982 742 4059 prosperatur.
790 3975 865 4040 Mox
888 3975 961 4040 illa:
989 3996 1060 4039 cum
1091 3978 1233 4039 amatore
1264 3975 1384 4058 quippo
1413 3997 1465 4040 sa-

270 4099 295 4139 ss
309 4079 453 4164 pientiae,
485 4079 620 4144 zelatore
643 4079 778 4163 justitiae
812 4083 844 4144 et
872 4080 1020 4145 amicitiae
1042 4078 1125 4143 fideli
1162 4078 1292 4144 cultore.
1339 4077 1464 4154 Quibus

309 4182 458 4247 diffinitis
481 4182 566 4247 ultra
588 4185 752 4266 processit.

562 4391 610 4456 In
634 4393 803 4458 cunctis
825 4397 917 4459 esto
939 4393 1209 4476 compositus.
