3146 4962
836 313 899 376 272

290 479 427 561 jussores
450 482 542 548 citari
558 484 632 548 fecit
655 489 687 548 et
702 484 893 549 sententiam
908 484 1097 568 propalavit,
1122 487 1204 570 qued
1221 487 1442 560 restituerent,

294 605 363 666 quae
384 593 441 667 p'er
463 587 603 652 chartam
628 588 770 674 obligata
793 587 941 666 fuerunt,
966 589 1027 672 ipsi
1051 611 1124 654 vero
1146 589 1309 676 indignati
1332 595 1445 654 taxum

293 710 415 772 semper
437 692 594 773 persecuti
623 697 699 757 sunt
730 697 762 756 et
785 693 823 756 ad
846 697 1022 757 extremum
1044 694 1184 776 graviter
1207 699 1443 778 percusserunt

293 793 398 859 Tarus
421 800 526 859 autem
541 795 722 860 vulneratus
745 797 809 860 ait:
833 797 887 879 qui
903 818 967 860 non
991 797 1079 880 cupit
1094 802 1249 876 mutuare,
1273 822 1443 884 nunquam

267 900 381 983 ⁶cupit
409 899 547 986 litigare.
603 901 791 966 Multotiens
821 903 905 965 eninr
936 903 1067 979 accidit,
1097 903 1181 987 quod
1210 903 1306 968 homo
1338 905 1446 988 perdit

293 1006 419 1084 amicos,
443 1027 514 1070 curn
536 1007 653 1091 repetit
675 1005 840 1071 foenerata.
887 1007 1005 1071 Tamen
1037 1007 1115 1072 dicit
1138 1009 1294 1093 propheta
1316 1008 1445 1074 Psalmo

293 1111 380 1176 CXI:
400 1111 556 1194 jucundus
579 1111 681 1190 homo,
705 1111 761 1195 qui
777 1113 943 1177 miseretur
966 1116 999 1178 et
1014 1113 1201 1178 commodat.
1246 1113 1307 1180 Sed
1330 1114 1446 1179 scribit

293 1215 408 1281 Cethe:
432 1216 480 1282 oui
494 1217 556 1295 des,
580 1216 694 1294 videte,
719 1220 755 1281 ut
777 1216 820 1280 sit
842 1217 989 1283 diseretio
1005 1219 1039 1281 in
1054 1219 1331 1284 accommodatore.
1379 1218 1443 1283 Fa-

293 1321 422 1386 bulatur
444 1322 538 1400 enim,
562 1320 644 1404 quod
669 1320 811 1404 quaedam
836 1321 980 1405 capreola
1002 1343 1170 1406 praegnans
1186 1324 1273 1387 venit
1288 1325 1327 1388 ad
1344 1323 1444 1386 aliam

255 1443 280 1482 10
293 1428 461 1494 habentem
486 1427 708 1492 domunculam
740 1431 772 1490 et
801 1427 904 1492 verbis
927 1426 1070 1491 dulcibus
1093 1428 1296 1512 aepreeibus
1319 1429 1445 1493 lamen-

292 1539 364 1598 tans
387 1535 425 1598 de
448 1537 541 1618 partu
563 1532 678 1618 petivit
700 1532 838 1608 domum,
862 1531 1051 1614 promittens
1076 1555 1109 1596 se
1133 1536 1205 1616 post
1226 1538 1354 1616 partum
1370 1533 1446 1597 red-

292 1641 428 1704 dituram
461 1639 522 1704 sibi
553 1637 782 1702 domunculam.
830 1636 907 1702 Haec
930 1637 1027 1714 abiit,
1057 1637 1115 1701 illa
1136 1642 1258 1715 manet,
1289 1639 1343 1702 sed
1367 1643 1446 1721 post

292 1748 419 1830 partum
442 1765 497 1826 per
521 1743 626 1826 plures
650 1741 715 1805 dies
738 1742 834 1806 rediit
863 1747 973 1825 petens
997 1765 1054 1806 sua
1072 1743 1155 1826 jura.
1202 1745 1247 1807 At
1269 1742 1326 1807 illa
1348 1743 1443 1807 obse-

292 1848 375 1913 ravit
397 1869 486 1912 aures
509 1850 541 1911 et
563 1847 670 1924 aedem,
696 1851 728 1910 et
751 1847 862 1910 nolens
885 1846 1014 1910 reddere
1036 1848 1118 1932 quod
1143 1849 1353 1932 promiserat,
1376 1847 1442 1911 ait:

255 1975 280 2012 n
295 1977 358 2019 non
381 1955 478 2017 timeo
503 1956 573 2016 tuos
596 1951 715 2029 dentes,
738 1952 814 2035 quia
836 1952 944 2015 dentes
967 1951 1104 2017 filiorum
1128 1975 1268 2018 meorum
1293 1953 1442 2018 1111111-

292 2060 382 2124 bunt.
425 2058 528 2134 Quare
550 2057 678 2120 docetur
699 2057 810 2134 horno,
841 2056 924 2139 quod
951 2078 1014 2120 non
1038 2079 1161 2141 semper
1192 2057 1317 2122 credere
1347 2058 1443 2122 debet

292 2162 395 2228 verbis
418 2160 567 2238 mellitis,
597 2160 671 2244 quia
699 2160 793 2224 multi
823 2159 1024 2243 decipiuntur
1046 2181 1139 2226 causa
1162 2162 1299 2246 pietatis.
1346 2163 1442 2227 Unde

292 2289 414 2332 versus:
438 2287 502 2330 non
524 2266 601 2330 satis
632 2269 680 2330 est
704 2269 809 2329 tutum
838 2263 969 2328 mellitis
1002 2266 1125 2330 eredere
1155 2266 1276 2344 verbis,
1308 2288 1345 2331 ex
1376 2266 1438 2331 hoe

291 2372 386 2438 melle
414 2372 493 2436 solet
523 2371 619 2454 pestis
649 2392 757 2435 amara
787 2371 884 2453 sequi.
930 2370 1029 2436 Prout
1058 2371 1155 2436 refert
1178 2371 1299 2455 Fsopus
1329 2373 1439 2437 volens

254 2499 278 2538 ao
292 2478 464 2554 ostendere,
488 2477 571 2560 quod
594 2477 641 2542 nil
662 2479 766 2560 potest
781 2476 927 2560 prodesse
943 2475 1045 2554 malie,
1070 2477 1219 2560 quoniam
1236 2499 1325 2542 mens
1342 2501 1441 2563 prava

291 2585 446 2649 malorum
477 2603 541 2646 non
576 2581 802 2646 verecundatur
835 2603 900 2646 esse
933 2582 1097 2646 immemor
1131 2582 1274 2648 beneficii
1305 2584 1437 2669 accepti.

291 2689 381 2754 Unde
403 2689 459 2766 ait,
483 2688 565 2772 quod
588 2687 664 2771 lupo
686 2710 805 2773 agnum
827 2688 953 2751 voranti
971 2687 1008 2778 in
1025 2691 1155 2772 gutture
1170 2688 1263 2753 haesit
1278 2710 1313 2753 os
1329 2693 1437 2753 trans-

292 2816 431 2872 versum,
464 2816 527 2877 qua
556 2793 594 2857 de
617 2815 711 2858 eausa
734 2793 823 2856 misit
844 2793 883 2857 ad
906 2813 1036 2878 gruem,
1066 2797 1102 2856 ut
1124 2815 1180 2859 suo
1203 2799 1308 2859 rostro
1332 2795 1440 2878 ipsum

292 2899 479 2964 extraheret.
532 2899 614 2965 Grus
646 2921 714 2963 osse
746 2900 888 2964 revoluto
919 2903 951 2963 et
980 2899 1086 2964 evulso
1116 2899 1153 2963 de
1191 2899 1335 2964 faucibus
1368 2899 1437 2983 lupi

252 3023 278 3063 aa
293 3005 386 3089 petiit
399 3005 564 3088 promissa,
588 3005 670 3088 quod
687 3005 787 3069 multa
809 3005 996 3089 promiserat
1018 3006 1120 3088 lupus.
1167 3004 1224 3070 cui
1244 3005 1355 3088 lupus:
1378 3027 1438 3069 aa·

292 3133 366 3188 non,
391 3111 511 3188 infelix,
535 3110 614 3174 vivis
636 3131 765 3174 munere
781 3111 874 3174 meo?
897 3131 1004 3174 nonne
1019 3108 1109 3194 potui
1127 3109 1295 3195 praecidere
1316 3111 1434 3175 collum

293 3229 383 3280 tuum
406 3237 513 3280 morsu
535 3217 629 3280 meo?
652 3236 726 3301 ergo
750 3219 806 3280 tua
828 3216 896 3280 vita
918 3216 962 3280 sit
984 3216 1055 3280 tibi·
1069 3236 1185 3280 munus
1208 3219 1334 3280 meum!

515 3390 570 3456 De
592 3413 702 3456 mure
724 3398 768 3455 et
790 3391 1019 3476 murilego,
1042 3391 1116 3456 dial.
1146 3395 1215 3454 118.
1268 3449 1271 3456 .

378 3532 450 3598 Mus
475 3534 534 3599 ivit
555 3533 595 3598 ad
616 3532 806 3619 murilegum
837 3536 869 3597 et
898 3551 931 3597 se
963 3531 1231 3617 quamplurimum
1263 3531 1435 3596 exinanivit

252 3657 277 3698 ³0
291 3639 412 3705 dicens:
435 3660 454 3704 o
477 3639 748 3716 excellentissime,
772 3659 896 3722 semper
919 3637 1048 3702 intendo
1075 3637 1191 3701 1111111
1216 3636 1278 3700 tibi
1300 3641 1333 3701 11
1357 3659 1434 3701 nun·

291 3769 384 3830 qnam
408 3768 428 3810 a
449 3749 481 3808 te
503 3744 653 3822 recedere,
677 3743 896 3808 tantummodo
918 3747 1049 3828 protege
1062 3764 1111 3807 me
1127 3765 1146 3808 1
1161 3742 1268 3806 furore
1285 3741 1433 3805 mustelae.

292 3851 466 3937 Murilegus
489 3853 594 3914 autem
618 3849 651 3914 in
675 3850 902 3934 protectionem
924 3869 995 3912 eum
1011 3849 1129 3932 recepit
1152 3851 1184 3912 11
1200 3847 1319 3930 ubique
1335 3847 1436 3930 ipsum

291 3982 395 4024 secum
417 3957 575 4042 portabat,
598 3978 663 4022 non
686 3955 875 4040 permittens
898 3976 969 4018 eum
992 3977 1011 4018 a
1033 3953 1168 4018 mustela
1190 3952 1303 4036 decipi.
1350 3951 1435 4016 Mus-

291 4064 356 4128 tela
377 4064 453 4128 adeo
476 4063 540 4128 fuit
561 4062 731 4126 amaricata
754 4061 791 4126 de
815 4083 869 4139 eo,
893 4060 976 4143 quod
998 4060 1135 4128 faciebat
1158 4063 1278 4136 cattus,
1311 4063 1345 4123 et
1368 4079 1437 4122 eum

253 4183 278 4224 ³⁵
292 4167 560 4252 quamplurimum
583 4167 799 4231 aemulabatur.
848 4165 990 4242 Quadam
1012 4169 1117 4228 autem
1140 4166 1206 4230 vice
1229 4185 1300 4229 mus
1323 4163 1437 4228 fefellit

1526 3969 1529 4105 1

1524 4115 1527 4258 1

292 4277 323 4337 11
345 4274 518 4360 murilegus
542 4274 646 4357 ipsum
669 4272 824 4348 correxit,
856 4291 913 4355 pro
937 4291 1000 4354 qno
1023 4269 1123 4335 iratus
1147 4290 1217 4335 mus
1246 4270 1286 4334 ad
1320 4273 1435 4334 muste-
1523 4265 1526 4328 ‚¹

291 4377 355 4442 lam
385 4381 515 4444 accessit
545 4399 676 4462 eamque
706 4375 870 4442 humiliter
892 4373 1045 4440 salutavit
1068 4374 1189 4440 dicens:
1223 4377 1436 4460 magnasunt
1523 4401 1524 4404 ¹
