3146 4962
8 4585 12 4836 4
133 4665 180 4671 a

830 323 891 383 276

287 495 565 582 supervenientia
590 499 621 559 te
643 493 770 558 similia.
815 492 877 568 Qui
898 494 980 558 enim
1006 492 1124 578 gaudet
1145 493 1182 557 de
1205 493 1330 557 inimici
1354 514 1444 570 casu,

258 639 261 646 »
287 603 372 668 cadit
393 603 427 665 in
443 600 542 664 illum.
578 598 720 684 Legitur,
744 599 827 682 quod
850 598 978 682 quidam
1002 597 1173 680 imperator
1195 597 1335 662 habebat
1358 598 1442 662 duos

287 708 433 783 artifices,
456 728 553 770 unum
577 708 729 768 sartorem
750 708 784 768 at
801 703 900 767 alium
919 702 1180 766 barbitonsorem.
1213 702 1338 769 Incisor
1356 725 1441 786 pan·
1552 719 1564 758 .⁴

286 834 399 877 norum
410 810 537 875 odiebat
546 808 808 886 barbitonsorem,
821 808 895 890 quia
905 807 1078 891 imperator
1087 809 1159 892 plus
1167 829 1235 872 eum
1248 809 1439 873 honorabat.

260 918 380 982 ⁶Unde
392 917 549 982 accusavit
563 937 633 979 eum
650 915 731 998 apud
750 915 981 997 imperatorem,
1004 913 1087 998 quod
1108 913 1294 979 diffamabat
1319 916 1439 1000 ipsum,
1560 965 1564 992 ,

287 1021 402 1098 dicens,
427 1022 510 1105 quod
535 1043 597 1084 non
621 1024 747 1104 poterat
768 1019 913 1084 foetorem
930 1018 1012 1084 ferra
1028 1019 1121 1084 flatus
1138 1020 1237 1103 ipsius
1253 1021 1394 1085 radendo
1412 1021 1440 1084 ei
1555 1051 1564 1110 ,ι

181 1139 185 1150 ’
286 1126 426 1192 barbam.
467 1125 517 1190 Ex
537 1125 596 1189 hoc
619 1124 803 1210 indignatus
826 1124 999 1208 imperator
1023 1125 1172 1208 praecepit
1187 1146 1257 1188 eum
1273 1125 1388 1210 projici
1405 1126 1439 1189 in
1560 1153 1564 1176 ⁴

287 1253 373 1295 mare
389 1253 458 1294 cum
478 1251 566 1294 saeco
584 1229 623 1294 ad
636 1228 762 1294 collum.
788 1227 856 1297 Hoc
871 1233 977 1293 autem
993 1231 1129 1292 innuens
1144 1230 1251 1293 nautis
1264 1230 1440 1314 imperator
1515 1287 1517 1290 .
1540 1211 1552 1240 '

287 1337 394 1401 amisit
417 1336 568 1400 annulum
585 1356 685 1410 suum,
710 1335 764 1418 qui
780 1335 912 1399 cadebat
935 1335 1073 1398 inmari.
1105 1333 1314 1399 Barbitonsor
1330 1339 1438 1399 autem

250 1463 275 1500 1⁰
289 1442 432 1524 corrupit
454 1447 566 1503 nautas
589 1441 722 1522 pecunia
744 1445 775 1504 et
799 1461 869 1503 cum
901 1441 938 1504 iis
962 1439 1111 1502 transivit
1133 1439 1172 1502 ad
1195 1439 1273 1503 alias
1292 1441 1440 1504 nationes
1467 1455 1473 1480 -·

288 1547 490 1632 longinquas,
507 1545 539 1608 in
557 1546 671 1628 quibus
686 1550 886 1629 prosperatus
902 1552 958 1622 est,
974 1551 1005 1608 et
1023 1546 1254 1628 emenspiscem
1270 1545 1439 1629 quemdam

289 1651 411 1715 invenit
434 1651 466 1714 in
485 1651 654 1714 visceribus
670 1652 736 1732 ejus
759 1651 912 1715 annulum
935 1649 1240 1733 imperatoriacum
1264 1671 1326 1733 quo
1349 1649 1441 1713 venit

290 1757 328 1820 ad
352 1777 421 1819 eum
439 1761 471 1819 et
481 1755 730 1839 donavitdpsum
743 1756 937 1838 imperatori,
961 1776 1110 1818 excusans
1128 1775 1160 1817 se
1175 1754 1214 1818 de
1226 1753 1358 1818 crimine
1373 1755 1439 1818 sibi

290 1861 448 1944 imposito.
474 1859 613 1924 Tandem
629 1881 687 1943 pro
699 1881 827 1922 munere
840 1859 942 1941 petiit,
955 1863 991 1922 ut
1004 1858 1120 1922 incisor
1128 1878 1317 1940 pannorum,
1333 1860 1387 1941 qui
1399 1860 1440 1923 de

251 1967 357 2048 majus
379 1964 535 2048 gaudebat
558 1964 699 2041 interitu,
723 1965 903 2028 mitteretur
915 1964 1017 2039 modo,
1041 1963 1095 2026 ubi
1110 1964 1178 2046 ipse
1193 1964 1306 2028 missus
1323 1963 1439 2038 tuerat,

290 2075 322 2135 et
345 2071 390 2134 sic
412 2071 511 2133 evasit
533 2075 565 2132 et
588 2069 743 2146 inimicus,
766 2068 820 2151 qui
844 2069 977 2152 putabat
999 2089 1031 2132 se
1053 2068 1271 2146 victoriosum,
1300 2069 1438 2132 interiit.

293 2175 382 2240 Unde
402 2173 535 2240 Seneca:
560 2173 599 2238 ab
622 2174 685 2238 alio
707 2177 862 2256 exspecta,
885 2173 979 2238 alteri
1001 2174 1083 2256 quod
1106 2172 1226 2238 feceris.

509 2347 565 2412 De
588 2347 748 2412 homine
771 2353 810 2412 at
832 2347 1019 2424 muliere,
1043 2348 1117 2414 dial.
1142 2347 1213 2411 121.

378 2490 482 2554 Homo
498 2493 546 2553 est
560 2487 730 2552 secundum
743 2486 966 2570 philosophum
982 2509 1070 2552 mens
1083 2488 1257 2563 incarnata,
1275 2487 1439 2554 fantasma

252 2616 277 2654 ao
291 2597 440 2679 eorporis,
464 2593 641 2677 speculator
666 2593 746 2667 vitae,
772 2592 965 2676 mancipium
989 2594 1117 2668 mortis,
1140 2595 1296 2658 transiens
1320 2595 1436 2673 viator,
1518 2667 1522 2672 ,

291 2700 353 2764 loci
376 2701 497 2783 hospes,
523 2699 629 2761 anima
645 2697 808 2774 laboriosa,
833 2699 921 2780 parvi
937 2699 1087 2781 temporis
1103 2698 1326 2763 habitaculum.
1364 2698 1439 2764 Mu-

293 2805 351 2867 lier
373 2809 420 2868 est
443 2803 612 2867 secundum
636 2803 856 2886 philosophum
881 2803 1018 2868 hominis
1050 2805 1210 2879 confusi0,
1245 2805 1438 2868 insatiabilis

292 2909 402 2984 bestia,
426 2909 576 2972 continua
599 2907 787 2984 sollicitud0,
809 2908 990 2974 indeficiens
1013 2931 1129 2992 pugna,
1153 2908 1327 2973 humanum
1343 2933 1436 2974 mau-

291 3012 409 3096 cipium
433 3017 464 3076 et
487 3013 555 3077 viro
578 3013 753 3078 continenti
771 3014 981 3097 naufragium.
1011 3014 1110 3079 Prout
1125 3015 1249 3099 quidam
1268 3017 1316 3078 vir
1332 3020 1438 3080 castus

254 3138 278 3174 2⁵
292 3121 324 3181 et
346 3118 566 3182 immaculatus
580 3119 776 3202 'quandoque
794 3119 906 3183 babere
919 3120 1019 3184 voluit
1035 3120 1224 3203 colloquium
1242 3119 1384 3184 mulieris
1406 3124 1438 3184 et

293 3221 559 3299 familiaritatem,
579 3222 622 3285 in
655 3221 715 3304 dua
750 3223 872 3285 illectus
901 3227 932 3286 et
964 3222 1151 3306 illaqueatus
1174 3224 1315 3308 sigillum
1341 3224 1435 3290 casti·

292 3325 368 3389 tatis
392 3347 485 3409 qnam
510 3325 571 3389 cito
595 3327 719 3403 amisit,
753 3328 919 3391 attendens
944 3333 1045 3393 autem
1070 3329 1109 3392 ad
1132 3329 1328 3394 dulcedinem
1352 3328 1436 3392 verbi

292 3430 378 3493 illius
401 3434 433 3493 et
455 3430 581 3494 intuens
603 3430 873 3514 pulchritudinem
907 3432 996 3497 faciei
1028 3434 1094 3516 ejus
1125 3434 1296 3517 dissipatus
1319 3439 1368 3498 est
1389 3435 1433 3496 di-

292 3555 382 3598 cens:
417 3538 547 3617 propter
570 3535 715 3598 mulieres
739 3536 830 3599 fracti
853 3536 946 3600 multi
969 3542 1043 3600 sunt
1074 3543 1106 3602 et
1132 3537 1299 3602 vulnerati.
1348 3538 1433 3602 Unde

253 3663 278 3698 ao
293 3640 338 3703 ait
370 3638 517 3721 quidam:
559 3641 678 3722 peceati
714 3639 814 3704 forma
847 3639 965 3704 femina
998 3646 1045 3704 est
1080 3647 1112 3706 et
1143 3643 1254 3706 mortis
1287 3643 1432 3707 conditio.

292 3743 514 3808 Hieronimus:
533 3745 632 3826 janua
654 3745 780 3822 diaboli,
806 3745 855 3809 ria
870 3746 1059 3828 iniquitatis,
1083 3749 1257 3832 scorpionis
1280 3747 1436 3833 percussio
1563 3773 1564 3810 l

293 3849 500 3930 nocivumque
523 3871 622 3934 genus
645 3855 693 3913 est
715 3849 841 3914 femina.
882 3849 989 3914 ldem:
1014 3853 1137 3935 gladius
1162 3853 1275 3937 igneus
1296 3857 1346 3916 est
1369 3874 1436 3935 spe-

292 3955 354 4019 cies
370 3955 527 4028 mulieris3
554 3959 721 4034 manente,
739 3956 818 4038 quod
837 3955 975 4020 Thamar
991 3979 1009 4020 a
1025 3957 1123 4022 tratre
1138 3979 1194 4021 suo
1215 3958 1258 4022 sit
1280 3963 1437 4042 corrupta,

293 4065 450 4124 memento
462 4081 594 4143 semper,
612 4061 694 4144 quod
707 4053 844 4143 paradisi
857 4062 1002 4125 colonum
1016 4064 1054 4126 de
1066 4063 1260 4146 possessione
1276 4087 1332 4128 sua
1347 4064 1438 4146 ejecit

253 4184 279 4223 as
294 4164 417 4229 mulier.
470 4155 549 4239 Quid
586 4165 698 4229 fortius
727 4165 899 4230 Samsone‘?
930 4167 1004 4248 quid
1040 4167 1213 4250 sapientius
1247 4167 1436 4233 Salomone?
1563 4155 1564 4188 ³

293 4270 368 4354 quid
391 4270 531 4337 sanctius
555 4269 678 4334 David?
723 4269 838 4334 Omnes
870 4269 902 4334 bi
933 4293 987 4354 per
1018 4271 1151 4336 feminas
1180 4273 1320 4338 subversi
1353 4278 1436 4337 sunt.

293 4375 377 4442 Eccl.
392 4373 501 4440 XXV:
524 4397 543 4438 a
565 4375 696 4440 muliare
719 4376 847 4438 initium
871 4375 989 4438 factum
1013 4381 1059 4438 est
1083 4377 1201 4460 peccati
1223 4382 1255 4442 et
1277 4378 1437 4463 perillam
