3058 4946
750 246 811 306 118

204 415 310 494 bium,
334 415 388 480 sed
411 438 480 482 ecce
502 419 681 500 questuosa
703 415 766 480 fuit
788 416 885 482 etiam
907 415 956 480 illi
979 416 1046 480 baec
1069 415 1140 498 ipsa
1162 414 1356 501 repurgatio.

203 519 270 584 Nec
292 519 378 583 enim
400 520 517 585 licebat
539 522 572 586 in
597 542 633 585 eo
648 520 806 586 breviario
822 519 951 596 versari,
975 519 1037 584 uisi
1054 523 1173 585 certam
1189 520 1357 603 pecuniam

204 624 274 708 quis
298 623 506 708 dependisset.
555 627 638 704 Quid
661 626 743 690 hoc?
787 624 904 690 Nonne
926 648 1034 690 verum
1058 629 1122 702 est,
1149 625 1231 708 quod
1254 625 1356 707 scrip·

204 731 276 794 tura
305 733 461 808 testatur,
496 751 551 795 vos
582 730 699 795 habere
731 733 871 794 mentem
894 729 1189 795 exercitatissimam
1211 730 1245 794 in
1269 729 1358 794 omui

204 854 319 918 genere
341 835 485 917 rapinae?

292 938 369 1004 Post
392 939 475 1004 hanc
497 939 743 1004 ostentationem
774 938 873 1003 animi
903 961 967 1002 non
998 937 1126 1022 pessimi
1158 937 1255 1022 coepit
1285 959 1358 1020 pre-

207 1042 342 1107 1111111
364 1048 397 1108 11
419 1043 556 1120 ambire,
588 1043 679 1127 quasi
701 1043 791 1107 valde
813 1047 942 1125 cuperet
965 1042 1127 1125 publicum
1150 1043 1236 1107 orbis
1258 1042 1358 1106 comi-

206 1147 298 1224 tium,
322 1147 376 1212 sed
399 1147 479 1212 illud
502 1147 535 1212 in
559 1145 654 1212 ltalia
678 1149 748 1232 cogi
772 1147 906 1224 volebat,
931 1151 967 1210 ut
991 1145 1135 1212 Clemens
1158 1149 1265 1224 etiarn,
1293 1167 1357 1210 non

206 1251 239 1316 11
263 1251 455 1330 Germania,
492 1251 573 1315 nihil
603 1251 743 1330 veritus,
778 1251 870 1316 irrita
892 1250 995 1316 facere
1017 1256 1084 1316 tam
1108 1252 1210 1318 1111111
1233 1251 1359 1334 imperii

207 1357 346 1436 decreta,
380 1357 495 1439 quibus
518 1357 578 1420 hoo
600 1357 758 1420 sancitum
780 1359 847 1433 eet,
882 1356 1024 1420 omnium
1048 1356 1195 1422 ordinum
1218 1379 1359 1433 1111111,

207 1467 243 1526 11
265 1462 353 1527 iutra
375 1461 553 1526 Germaniae
575 1461 655 1526 lines
677 1465 851 1546 cogeretur.
888 1459 1031 1526 Clemens
1055 1466 1123 1527 erat
1145 1461 1358 1548 arrogantior,

206 1570 242 1630 ut
264 1566 318 1650 qui
342 1571 374 1630 et
396 1566 452 1630 illa
474 1565 600 1648 imperii
623 1565 747 1630 decreta
768 1569 991 1642 contemneret,
1017 1587 1061 1644 ac,
1087 1569 1239 1650 tanquam
1255 1569 1358 1630 rector

192 1674 238 1735 et
262 1670 408 1735 dominus
431 1671 527 1749 orbis,
551 1671 750 1736 condiciones
766 1670 862 1735 etiam
876 1675 909 1734 et
924 1672 1010 1755 leges
1027 1671 1243 1755 praescriberet
1258 1668 1360 1734 futuri

207 1775 343 1852 concilii,
367 1797 436 1858 quae
459 1775 539 1842 tales
562 1772 651 1859 [Iiij]
674 1779 776 1853 eraut,
799 1778 845 1852 ut,
868 1775 897 1838 si
913 1758 1018 1838 locum
1035 1775 1231 1852 habuissent,
1255 1773 1358 1852 facile,

206 1901 268 1962 qno
291 1879 416 1944 volebat
438 1882 470 1943 et
493 1878 672 1963 spectabat,
707 1878 911 1961 pervenisset.
958 1876 1075 1943 Paulus
1099 1899 1189 1955 vero,
1214 1879 1358 1962 quinon

207 1984 386 2069 ignoraret,
410 1983 673 2065 quemadmodum
696 1986 833 2067 exceptae
856 1981 993 2048 fuissent
1015 1983 1065 2046 hae
1087 1981 1259 2048 Clementis
1283 2005 1360 2050 111-

178 2143 181 2152 .
207 2089 345 2154 dicioues
369 2112 405 2156 ac
427 2089 616 2173 repudiatae,
652 2088 756 2153 nullas
789 2088 915 2172 quidem
947 2088 1015 2171 ipse
1044 2088 1130 2172 leges
1153 2088 1291 2166 ferebat,
1325 2093 1363 2154 ut

209 2195 378 2260 humanior
400 2217 468 2259 esse
490 2195 649 2258 videretur
672 2198 703 2256 et
733 2193 855 2270 lenior,
890 2193 1025 2256 alterum
1057 2214 1130 2258 uero
1160 2215 1223 2258 non
1257 2193 1362 2279 magis

208 2298 413 2376 remittebat,
449 2299 531 2382 quod
555 2296 722 2374 Clemens,
759 2301 790 2360 et
821 2295 948 2360 Italiam
980 2296 1105 2362 volebat
1136 2319 1203 2362 esse
1235 2297 1362 2364 concilii

208 2405 321 2468 sedem.
368 2403 444 2466 Fuit
467 2403 567 2486 igitur
590 2404 737 2485 exceptus
759 2400 818 2464 hae
842 2404 949 2484 parte,
974 2422 1037 2465 non
1062 2401 1155 2466 aliter
1177 2423 1272 2486 quam
1295 2403 1360 2468 ille.

207 2506 250 2571 Et
274 2528 335 2592 quo
358 2511 499 2591 tempore
522 2507 567 2570 sic
591 2505 742 2584 instabat,
766 2504 868 2569 multa
886 2503 955 2588 jani
975 2509 1067 2570 erant
1088 2508 1121 2569 et
1142 2528 1207 2570 111
1228 2508 1362 2572 obscura

208 2612 301 2697 rigua
323 2610 425 2676 futuri
447 2633 504 2695 per
527 2611 656 2676 Italiam
679 2610 765 2686 belli,
789 2611 872 2693 quod
895 2632 968 2675 eum
990 2633 1074 2676 anno
1094 2612 1239 2695 sequenti
1254 2616 1362 2678 ortum

208 2722 299 2794 esset,
322 2705 430 2781 homo'
440 2715 566 2780 sedulus
588 2719 620 2780 et
644 2715 799 2799 vigilans,
831 2715 1104 2799 opportunitatem
1135 2715 1218 2782 hauc
1247 2739 1360 2800 specu·

208 2820 313 2898 latus,
337 2841 399 2904 quo
421 2823 563 2902 tempore
586 2819 705 2883 bellum
728 2819 877 2896 ardebat,
912 2820 1016 2902 palam
1041 2820 1157 2885 indixit
1179 2822 1360 2900 concilium,

211 2925 304 3008 quod,
328 2946 397 2990 cum
424 2945 486 2988 111
509 2924 624 3001 111111,
648 2924 797 3008 gravibus
819 2923 994 3006 interjectis
1017 2924 1268 3008 impedimentis,
1303 2925 1359 2992 1111

209 3028 312 3096 lactus
335 3028 516 3106 animosior,
539 3026 703 3112 pergebat,
727 3031 759 3092 11
781 3027 866 3092 orbis
881 3026 1066 3112 deplorabat
1082 3029 1250 3108 miseriam,
1276 3033 1361 3115 quod

210 3133 322 3198 salutis
345 3155 408 3198 suae
430 3135 555 3216 tempus
577 3132 762 3218 negligeret.
810 3131 857 3198 Ac
882 3153 922 3195 ue
945 3133 1028 3215 quod
1052 3135 1182 3198 omnino
1205 3135 1281 3200 boni
1302 3159 1360 3219 pa-

208 3238 302 3302 storis
325 3237 465 3304 officium
488 3236 754 3320 pretermitteret,
778 3240 876 3318 utque
895 3257 1004 3300 omnes
1032 3236 1177 3302 homines
1207 3239 1360 3320 11111111,

210 3366 304 3426 quarn
329 3343 409 3408 serio
429 3365 495 3408 rem
510 3347 628 3426 ageret,
653 3341 735 3426 quod
752 3341 893 3406 Mantum
915 3342 1124 3406 constituerat
1146 3342 1262 3410 habere
1285 3367 1361 3410 con·

776 3461 794 3498 ss

210 3549 274 3614 Das
297 3549 339 3615 ist
361 3572 426 3614 111
449 3550 500 3614 111
522 3552 604 3614 erste
628 3549 808 3626 botschafft,
832 3548 897 3612 und
921 3547 967 3612 als
990 3549 1019 3611 ir
1042 3548 1180 3615 dieselbe
1196 3551 1363 3618 herausser
1448 3565 1450 3570 '

209 3655 409 3740 geschichet,
443 3659 573 3739 miigent
604 3655 633 3718 ir
663 3655 741 3719 euch
773 3654 943 3731 erinneru,
981 3653 1021 3720 ob
1052 3655 1080 3718 ir
1104 3654 1194 3720 nieht
1216 3655 1362 3722 danhmal

210 3761 348 3838 wissant,
373 3760 428 3824 das
451 3760 547 3824 achon
572 3763 667 3825 etwas
692 3759 759 3823 auff
778 3760 832 3824 der
855 3758 917 3822 ban
941 3780 1015 3836 war,
1045 3761 1100 3823 das
1124 3757 1301 3824 Concilium
1324 3765 1364 3828 111

210 3865 427 3930 verhinderen.
463 3865 541 3931 de
557 3865 693 3930 anderen
715 3863 781 3928 mal
804 3863 923 3928 habent
944 3863 994 3926 ihr
1017 3867 1114 3948 gantz
1137 3864 1187 3928 ein
1211 3865 1364 3950 gelegene

210 3969 271 4033 neit
301 3974 421 4055 ereugt.
468 3967 526 4034 Als
562 3969 612 4036 die
637 3969 831 4034 Monarehen
865 3971 919 4052 (on
943 3967 1061 4032 welche
1092 3967 1197 4032 nichts
1228 3969 1263 4032 in
1293 3969 1364 4034 dem

209 4071 267 4138 fall
288 4073 463 4158 geschehen
496 4075 583 4159 mag)
618 4073 717 4138 durch
750 4072 842 4158 krieg
877 4092 980 4157 gagen
1011 4071 1164 4136 einander
1194 4071 1364 4138 verbittert

210 4200 330 4256 waren,
361 4179 479 4244 habent
502 4179 531 4243 ir
554 4179 726 4243 widerumb
749 4177 961 4263 angehalten,
994 4175 1059 4240 und
1082 4177 1132 4241 die
1154 4177 1226 4242 weil
1249 4199 1281 4242 es
1305 4199 1363 4242 on-

210 4283 349 4369 mbglieh
371 4306 446 4362 war,
470 4284 537 4348 sein
561 4283 613 4348 ihr
635 4285 723 4349 desto
746 4277 847 4348 111111
872 4283 1018 4358 worden,
1042 4280 1107 4345 und
1133 4280 1233 4348 demit
1258 4283 1290 4366 ja
1313 4282 1364 4347 nit
