3082 4938
780 251 840 316 182

232 423 290 490 bae
312 425 469 502 libertate,
492 423 632 488 rationes
654 422 781 488 inibant
795 422 987 506 subjugandi
1003 420 1144 496 Caesaris,
1168 441 1269 504 neque
1285 415 1386 484 veriti

231 533 308 594 sunt
330 530 457 594 tandem
480 530 640 613 postulare
658 528 879 612 jusjurandum
896 528 937 592 ab
952 549 998 605 ee,
1023 526 1115 609 quale
1130 526 1235 590 solent
1250 525 1388 590 clientes

230 637 382 718 prestare
404 635 468 698 suis
490 635 641 716 patronis.
688 633 757 698 Hoc
779 633 852 696 inde
874 631 1051 715 profectum
1074 634 1131 708 est,
1156 629 1307 712 quoniam
1332 628 1386 692 in-

231 738 439 821 auguratione
461 737 547 802 facts
569 737 794 802 consecrabant
818 736 962 801 Ceessres.

233 842 294 919 Qui
318 843 443 926 magnis
466 842 581 906 animis
605 841 699 906 initio
720 841 911 906 resistebant
934 839 1008 903 huic
1030 838 1158 902 illorum
1188 838 1387 922 importuni-

231 946 292 1012 tati
315 951 347 1012 et
368 948 513 1012 audaciae.
545 945 629 1011 Nam
650 952 682 1010 et
698 946 791 1011 bodie
807 966 899 1009 nemo
914 947 970 1024 est,
994 944 1049 1026 qni
1065 964 1129 1007 nou
1145 943 1386 1026 obstupesceret

232 1052 359 1116 adrem
390 1052 466 1118 adeo
496 1073 630 1128 novam,
664 1052 734 1136 cogi
767 1051 887 1116 scilicet
920 1049 1014 1113 fidem
1045 1051 1078 1112 et
1111 1047 1298 1130 obsequium
1332 1046 1388 1110 illi

231 1160 390 1239 preestsre,
414 1157 469 1240 qui
492 1162 566 1220 tuus
583 1161 676 1220 antea
693 1157 804 1220 suisset
818 1155 928 1230 eliens,
952 1154 1041 1235 eujus
1057 1153 1255 1235 dependisset
1267 1151 1386 1228 omnis,

232 1283 298 1326 non
318 1262 364 1326 ita
386 1262 518 1345 pridem,
541 1285 560 1326 a
580 1267 643 1326 tua·
658 1263 821 1326 voluntate
843 1264 876 1324 et
899 1279 1027 1322 assensu
1051 1258 1231 1322 auctoritas.

321 1366 404 1442 Quid
426 1366 511 1429 enirn
535 1365 619 1429 istud
642 1370 690 1430 est
712 1366 757 1429 rei
779 1385 879 1442 novae,
903 1364 948 1428 mi
974 1363 1115 1426 Romane
1136 1361 1298 1446 pontifex,
1323 1367 1386 1426 aut

233 1470 307 1554 quid
340 1471 401 1534 sibi
434 1471 502 1534 vult
534 1470 585 1534 hie
619 1475 685 1534 tam
717 1471 880 1553 improbus
915 1472 1070 1534 conatus?
1126 1468 1244 1546 Quodsi
1277 1471 1387 1532 vestra

231 1595 326 1656 opere
348 1574 485 1638 eontulit
508 1574 637 1657 aliquid,
661 1578 697 1638 ut
716 1575 768 1656 jus
791 1573 1004 1638 constituendi
1022 1572 1153 1637 Cessatis
1176 1573 1215 1636 ad
1237 1575 1386 1636 1111111111

233 1681 360 1762 gentem
385 1679 581 1764 perveniret,
605 1683 688 1743 certe
711 1683 744 1744 et
767 1679 867 1743 nostri
891 1679 1029 1743 vicissim
1052 1679 1186 1760 majores
1208 1677 1259 1741 his
1281 1678 1387 1740 tantis

234 1783 483 1865 possessionibus
497 1805 551 1848 vos
567 1784 810 1867 locupletarunt,
833 1784 931 1848 immo
947 1805 1004 1848 nos
1020 1786 1116 1867 atque
1131 1783 1264 1866 msj0res
1280 1782 1388 1846 nostri

232 1887 370 1950 maxima
393 1909 475 1969 saepe
505 1889 645 1970 pericula
674 1889 888 1972 suscepimus,
924 1891 958 1952 ut
987 1891 1094 1954 vestra
1124 1887 1213 1950 vobis
1241 1886 1387 1970 dignitas

232 1994 399 2055 constaret.
435 1991 468 2056 Si
491 1995 557 2055 tam
581 1993 690 2058 essetis
713 1998 833 2070 11111111,
857 2015 952 2076 quam
975 1993 1145 2076 aliquando
1168 1991 1284 2067 fuistis,
1308 1991 1388 2055 nul·

230 2095 297 2160 lum
319 2100 401 2160 esset
424 2097 507 2161 inter
532 2120 588 2162 nos
620 2103 725 2162 orturn
757 2099 839 2162 haud
871 2098 966 2162 dubie
999 2097 1173 2162 dissidium.
1220 2095 1272 2159 An
1295 2116 1385 2174 vero,

799 2219 816 2257 ll*

232 2302 289 2368 Eid
315 2305 542 2388 (jurameutum
565 2308 813 2392 fideli[3l]tatis,
836 2310 910 2373 oder
930 2305 1101 2386 Lebeneid)
1126 2307 1176 2371 die
1192 2303 1301 2371 Keiser
1324 2304 1386 2369 da-

231 2411 292 2472 mit
313 2413 351 2474 nil
373 2411 598 2494 verpfliohten‚
634 2412 767 2476 welches
790 2413 898 2476 seinen
922 2432 1085 2495 urspruug
1107 2410 1204 2474 daher
1226 2430 1388 2494 genomen

230 2514 296 2591 bet,
320 2515 374 2578 des
397 2516 443 2580 sie
467 2516 546 2582 uach
570 2517 640 2580 dem
663 2517 775 2582 Cerolo
796 2517 924 2602 Magne,
949 2516 1000 2580 die
1017 2515 1125 2580 Keiser
1148 2515 1289 2579 salbeteu
1312 2513 1384 2578 und

231 2621 452 2684 conseerirten.

318 2722 386 2787 Den
403 2723 461 2788 Eid
478 2725 580 2790 beben
597 2726 646 2790 die
662 2726 773 2790 Keiser
796 2747 854 2810 gar
876 2725 1118 2810 abgeseblsgeu,
1141 2725 1233 2790 Denn
1257 2745 1291 2788 es
1314 2745 1385 2788 war

227 2826 261 2908 ja
283 2827 396 2892 selsam
420 2833 457 2893 nir
481 2828 588 2908 hdren,
619 2852 692 2894 men
716 2833 820 2894 wlirds
843 2832 923 2895 auch
946 2831 1073 2916 heutigs
1094 2835 1167 2914 tsgs
1191 2830 1241 2892 nit
1263 2828 1383 2892 wbllen

231 2931 389 3008 verstehn,
413 2933 563 3011 1111111111,
587 2934 642 2999 das
659 2936 708 3000 ich
725 2936 795 3000 dem
808 2935 936 3018 jhenen,
954 2936 1008 2998 der
1024 2933 1137 2999 rorhin
1153 2933 1218 2998 und
1233 2932 1383 3010 newlicb,

231 3036 331 3098 seiues
355 3037 471 3120 Ampts
493 3037 698 3123 bestetigung
720 3062 782 3104 von
805 3039 866 3102 mir
897 3038 1066 3122 enrpfaben
1098 3042 1204 3114 must,
1240 3038 1301 3100 ieta
1331 3037 1385 3102 els

232 3139 367 3203 meineru
389 3141 598 3206 lehenherren
621 3143 793 3220 schweren,
818 3144 882 3206 und
905 3165 946 3206 on
967 3143 1028 3207 alle
1043 3141 1241 3226 vorgehende
1257 3140 1384 3220 ursaeh,

232 3243 291 3306 den
316 3245 363 3308 eid
388 3245 469 3310 then
493 3248 563 3310 solt.
1029 3305 1030 3308 ,

232 3347 323 3412 Denn
346 3350 487 3414 warumb
510 3351 593 3414 mein
616 3349 713 3412 lieber
737 3350 810 3414 herr
833 3350 943 3432 Bapst,
968 3349 1044 3416 wele
1067 3350 1094 3414 ir
1116 3351 1182 3414 dise
1206 3371 1382 3435 newerung

230 3439 396 3518 einfitren?
443 3453 531 3518 Hsbt
552 3454 580 3517 ir
604 3455 681 3518 dazu
711 3455 889 3537 geholffen‚
925 3455 980 3518 das
1010 3455 1060 3518 die
1083 3454 1167 3518 wahl
1190 3455 1255 3518 und
1278 3452 1386 3518 (111111-

230 3559 471 3643 genechtiglreit,
495 3581 536 3623 sn
558 3581 670 3624 unsere
694 3559 812 3624 Natioo
836 3560 950 3624 komeu
974 3562 1026 3637 ist,
1049 3582 1084 3624 so
1107 3561 1210 3625 haben
1234 3561 1292 3624 wir
1315 3562 1384 3624 und

230 3685 343 3727 unsere
366 3664 522 3728 voreltern
547 3663 626 3728 euch
645 3665 817 3730 widerumb
841 3665 1009 3749 geholffen,
1034 3666 1089 3729 das
1112 3665 1141 3728 ir
1164 3664 1270 3729 solehe
1285 3664 1385 3728 weid-

230 3768 313 3832 liche
335 3764 430 3854 gdter
453 3769 604 3848 besitzet‚
639 3770 694 3832 das
726 3770 754 3834 ir
783 3770 862 3864 land
888 3770 953 3833 und
977 3769 1044 3832 leut
1065 3773 1103 3832 nd
1125 3769 1269 3854 regieren
1291 3767 1383 3846 habt,

231 3871 288 3948 Ja,
319 3874 376 3936 wir
398 3874 464 3937 und
486 3896 599 3940 uusere
622 3875 785 3950 rossanen,
820 3874 922 3938 haben
946 3874 1024 3938 euch
1048 3874 1080 3937 in
1105 3895 1226 3938 eweren
1249 3893 1383 3958 grossen

231 3981 327 4040 ubten
351 3981 501 4055 11111111,
528 3979 631 4044 bsben
655 3979 822 4064 gemacht,
856 3979 911 4042 das
934 3980 961 4042 ir
984 3979 1037 4042 des
1059 3978 1151 4042 laude
1175 4001 1236 4043 von
1259 3981 1418 4042 sweren*

229 4079 357 4146 feinden
380 4082 430 4144 nit
451 4083 575 4167 verjegt
596 4084 676 4146 sind.
708 4083 815 4148 Wenn
838 4084 866 4146 ir
882 4083 963 4148 noch
979 4104 1065 4148 arme
1081 4081 1229 4148 Bisehbfe
1244 4081 1379 4158 werend,

229 4184 289 4248 wie
312 4185 444 4260 vorhin,
479 4208 515 4250 so
544 4188 689 4251 wlirdent
717 4188 746 4250 ir
776 4209 836 4252 uns
869 4187 996 4252 freilich
1018 4209 1241 4252 unverworren
1263 4189 1380 4250 lasseu.

230 4283 358 4354 Miissen
381 4288 438 4353 wir
461 4289 546 4354 dann
569 4291 623 4358 des
645 4290 827 4378 entgelten,
859 4291 914 4356 das
936 4312 1049 4358 unsere
1073 4291 1219 4358 vorfcren
1242 4291 1320 4356 eueh
1343 4295 1384 4360 zd
