3082 4938
665 379 724 442 211

121 551 195 616 adeo
217 549 311 616 multi
332 550 479 634 prrsclari
501 549 561 614 viri
584 571 723 615 summos
746 549 949 615 exhauserint
971 551 1118 616 labores?
1140 554 1176 616 tu
1193 572 1270 636 qno·

121 679 189 740 que,
213 653 334 734 Cesar,
361 655 459 720 variis
482 653 653 738 multisque
675 654 922 740 cogitationibus
943 659 975 720 et
997 654 1150 721 molestiis
1174 677 1271 742 prop-

120 760 269 826 terensis
291 759 514 844 defatigatus?
547 760 616 844 ipsa
638 759 809 825 Germania
835 781 899 824 non
922 759 1017 824 semel
1040 761 1075 824 in
1096 761 1271 828 maximum

120 865 287 932 discrimen
308 864 445 930 adducta
467 864 534 930 sit?
565 869 597 929 61
619 886 703 930 nnnc
725 865 871 942 tandem,
901 869 974 950 post
1003 869 1069 930 tam
1098 866 1271 933 laboriosas

121 971 265 1054 tndiiqne
287 968 399 1054 plenas
423 968 689 1047 consultationes,
722 970 835 1034 tritum
857 968 937 1034 illud
960 974 992 1035 et
1020 969 1170 1056 vulgare,
1203 971 1272 1038 1616

121 1075 251 1142 illudet
272 1073 445 1140 ridiculum
468 1072 645 1154 adferatur,
670 1072 814 1138 futurum
838 1073 972 1153 scilicet,
1005 1079 1041 1138 ut
1064 1073 1119 1140 isti
1142 1075 1272 1142 redeant

122 1180 160 1246 sd
181 1180 342 1246 mentem?
378 1177 438 1243 Sed
461 1200 525 1242 non
549 1183 688 1264 sperant,
712 1178 795 1262 quod
819 1178 939 1255 dicunt,
960 1176 965 1264 Ι
986 1179 1063 1264 quin
1087 1180 1194 1264 potius
1216 1203 1271 1246 ex·

121 1285 252 1350 tinctum
275 1287 431 1368 cuperent
453 1286 557 1348 totum
580 1283 663 1348 istud
687 1284 840 1350 (1661111116
870 1305 989 1370 genus,
1022 1289 1055 1350 et
1084 1284 1203 1350 deletos
1233 1285 1272 1350 ed

120 1411 214 1454 onum
237 1409 360 1464 omnes,
384 1387 439 1472 qui
462 1388 652 1472 profitentur
674 1411 753 1453 eam.
796 1387 830 1454 Si
852 1411 940 1474 spem
963 1389 1059 1454 istam
1081 1389 1272 1469 habuerunt,

119 1517 172 1560 cur
199 1493 365 1560 infinitam
396 1492 561 1558 hominnm
593 1492 833 1559 multitudinem
861 1494 1049 1577 aplurimis
1072 1517 1157 1562 nunc
1180 1495 1273 1560 annis

119 1603 183 1664 tarn
205 1599 321 1666 acerbe
342 1601 420 1662 sunt
442 1598 620 1682 persecuti?
665 1597 699 1664 si
722 1598 895 1683 principio,
922 1619 995 1664 cum
1016 1601 1149 1686 exiguus
1171 1600 1273 1666 adhuc

120 1710 198 1770 esset
220 1724 376 1769 numerus
397 1705 430 1766 et
452 1705 669 1786 contemptus,
695 1723 758 1768 non
781 1707 938 1768 venerunt
963 1707 995 1768 in
1019 1725 1087 1770 eam
1111 1727 1217 1789 spem,
1240 1705 1273 1770 id

21 1891 26 1902 ⁵
122 1808 201 1892 quod
224 1807 328 1872 credes
350 1805 392 1870 ab
414 1805 491 1890 ipsis
522 1810 711 1891 perpetratas
738 1806 817 1872 satis
845 1807 1080 1887 demonstrent,
1116 1810 1272 1894 quomodo

121 1911 267 1978 credibile
291 1915 352 1989 est,
377 1910 458 1976 hanc
480 1900 565 1995 epam
583 1911 617 1976 in
634 1912 678 1976 eis
695 1917 820 1978 auctam
836 1933 901 1978 6666
917 1913 1122 1997 temporibus,
1147 1916 1273 2000 quando

123 2018 331 2102 conspiciunt,
358 2037 467 2081 omnes
488 2016 644 2100 paulatim
669 2017 794 2082 ordines
817 2017 856 2082 ad
879 2017 1086 2084 defectionem
1108 2023 1272 2104 spectare?

125 2120 294 2188 Simulatus
320 2125 369 2186 est
389 2121 490 2206 igihrr
519 2126 551 2187 et
580 2121 672 2187 lictus
704 2122 756 2187 hic
783 2143 891 2187 eorum
923 2144 1034 2190 sermo.
1082 2123 1164 2190 Nam
1199 2125 1274 2208 quia

123 2226 226 2292 vident
246 2226 397 2292 crucibus
419 2229 451 2290 et
472 2225 608 2291 flammis
632 2225 715 2292 nihil
737 2227 907 2311 quicquam
929 2227 1012 2293 effici
1033 2250 1134 2312 posse,
1158 2251 1274 2314 praese

127 2333 228 2398 ierunt
254 2333 402 2416 aliquam
431 2331 700 2410 moderationem,
735 2338 767 2397 et
800 2333 1084 2412 commiserationis
1116 2335 1272 2418 quandam

690 2455 708 2493 ›l‹

125 2547 177 2630 teg
197 2543 360 2629 gehnlten,
384 2541 488 2606 haben
510 2540 577 2606 sich
600 2541 684 2607 dann
708 2564 744 2607 6ο
767 2543 812 2607 111
835 2565 962 2628 grosser
985 2544 1068 2623 lent,
1101 2566 1137 2609 so
1159 2545 1218 2610 offt
1240 2547 1274 2610 in
1363 2589 1375 2604 .

123 2649 201 2714 diser
221 2649 341 2716 eschen
364 2641 523 2724 bemfihet,
547 2647 604 2713 hat
625 2647 687 2712 dan
704 2646 739 2712 Ε.
757 2647 801 2712 Μ.
818 2648 911 2726 solbs,
935 2671 969 2714 so
991 2649 1036 2716 vil
1058 2651 1186 2716 verdros
1209 2652 1274 2716 und

123 2753 286 2819 unwillens
313 2752 404 2817 dorin
427 2751 555 2837 gehabt,
579 2751 635 2815 hat
658 2753 720 2816 dun
736 2751 892 2818 Teutsche
907 2751 1039 2832 Nation,
1064 2755 1114 2819 nit
1136 2755 1188 2820 ein
1208 2755 1272 2822 mal

107 2859 152 2928 ,in
175 2881 303 2944 groseer
327 2856 536 2922 meroldicher
557 2855 786 2942 gemhrligkeit
808 2857 980 2923 derhalben
998 2861 1183 2944 gestanden,
1208 2860 1273 2925 uud

121 2963 167 3028 eol
189 2985 274 3042 nun,
298 2985 372 3028 zum
397 2961 560 3039 hesohlus,
593 2962 699 3028 nichts
722 2963 834 3028 andere
857 2969 970 3050 gesegt
993 2965 1137 3042 werden,
1172 2965 1270 3044 darm,

122 3069 174 3134 das
196 3069 242 3134 sie
264 3067 449 3146 verhoffen,
480 3090 512 3132 es
537 3067 621 3133 werd
644 3068 713 3133 sich
735 3068 781 3134 ire
802 3068 972 3153 widerpart
994 3074 1076 3136 etwe
1098 3069 1273 3134 widerumb

123 3173 278 3240 heheren?
315 3173 402 3240 Aber
424 3173 470 3238 sie
491 3172 586 3238 reden
611 3172 691 3238 oben
715 3173 785 3238 dem
808 3171 947 3251 hartzen,
971 3174 1036 3240 und
1059 3173 1196 3240 hoffents
1212 3174 1273 3253 nit,

122 3279 232 3344 souder
255 3279 394 3356 11111611,
427 3279 483 3342 das
511 3277 644 3344 hellisoh
668 3279 737 3343 four
761 3280 816 3344 het
838 3278 904 3344 dise
925 3279 991 3344 lere
1013 3278 1078 3343 und
1101 3279 1183 3344 lerer
1206 3301 1275 3344 ver·

123 3383 273 3463 hrennel,
310 3384 406 3450 dweil
437 3383 488 3448 ihr
511 3383 601 3460 leur,
638 3383 1275 3469 111681666161116666111116111611

123 3489 219 3554 durch
240 3489 305 3556 alle
329 3488 520 3555 Provintzen
544 3487 708 3573 gemacht,
738 3487 936 3574 nngezhndet
966 3487 1031 3552 und
1062 3489 1276 3573 ausgebreitet

125 3594 241 3676 heheu,
266 3595 377 3660 nichts
400 3593 490 3659 mehr
511 3592 625 3659 hilffet.
672 3592 748 3658 Sind
771 3593 816 3656 sie
838 3591 914 3658 aher
936 3592 1019 3657 diser
1041 3591 1198 3677 hoffnuug
1220 3613 1276 3676 ge·

124 3721 232 3778 wesen,
256 3698 403 3766 warumb
426 3697 529 3762 haben
552 3697 599 3762 sie
621 3697 704 3762 dano
721 3719 756 3762 so
774 3695 927 3761 manohen
945 3695 1089 3761 ellenden
1105 3694 1275 3760 menschen

124 3805 291 3888 gemacht?
337 3801 379 3868 So
402 3802 448 3866 sie
471 3803 555 3868 dano
579 3800 783 3886 anfenglieh,
819 3801 860 3866 da
888 3800 943 3866 das
967 3799 1086 3864 heufliu
1109 3821 1167 3884 gar
1189 3799 1277 3865 klein

124 3929 195 3986 wat,
216 3911 284 3976 dise
307 3907 468 3991 hoffnung
490 3906 581 3971 nicht
602 3904 721 3990 gehaht
744 3904 816 3989 (wie
840 3904 868 3968 ir
889 3903 1032 3968 brennen
1056 3903 1121 3968 und
1145 3903 1276 3968 morden

124 4015 278 4102 anzeiget)
302 4013 363 4078 wie
386 4013 446 4076 ists
469 4010 607 4097 moglioh
631 4011 705 4092 oder
721 4007 894 4096 glaublich,
919 4009 974 4074 dns
991 4009 1036 4074 sie
1052 4009 1179 4096 heutigs
1194 4013 1276 4094 tags,

124 4117 162 4182 da
182 4117 235 4184 der
258 4117 352 4188 hanff
372 4115 501 4200 nozelig
523 4115 583 4192 ist,
619 4115 683 4180 und
706 4115 768 4180 alle
790 4119 846 4200 tag
869 4114 1034 4197 zdnimpt‚
1068 4113 1173 4180 solche
1195 4116 1277 4180 hoff·

125 4241 210 4308 nnng
232 4223 337 4288 haben
361 4221 491 4287 solten?
536 4219 678 4284 Darumb
700 4219 758 4282 1616
783 4217 883 4282 neben
913 4219 1068 4294 anderen,
1102 4220 1172 4284 eine
1194 4218 1276 4282 le·

125 4324 270 4394 riseische
300 4327 398 4402 rede,
433 4324 515 4390 denn
548 4345 583 4388 so
613 4324 657 4387 616
687 4324 746 4387 mit
777 4325 854 4388 irem
879 4319 984 4387 11111611
1008 4325 1072 4388 und
1095 4345 1278 4408 grausomer

126 4425 253 4514 gedhter
277 4437 440 4518 tyranuey
463 4430 512 4494 nit
534 4429 657 4494 weitere
681 4435 807 4514 mdgeu,
831 4425 945 4492 61611611
967 4427 1013 4490 616
1032 4428 1099 4493 sich
1115 4429 1206 4506 oben,
1230 4429 1277 4492 616

1010 4533 1042 4586 ld
1054 4531 1068 4562 ¹⁸⁸
