3082 4938
815 266 877 328 180

265 437 366 504 titices
396 438 523 504 inibant
550 439 689 504 rationes
721 460 792 504 cum
825 436 936 502 Gallia
966 435 1115 521 regibus,
1150 457 1214 500 non
1246 435 1417 500 admodum

266 542 460 626 longinquis,
482 563 617 625 quornm
637 543 766 616 auxiliis
789 561 854 606 non
877 541 973 606 semel
995 541 1137 604 restituti
1159 541 1286 606 fueraut
1301 543 1333 604 et
1348 561 1417 604 ser-

266 646 345 724 rati,
367 650 404 711 ut
426 647 465 710 ad
481 645 656 711 Caesareum
680 648 830 712 honorem
854 649 948 728 atque
971 650 1125 729 sceptrum
1151 646 1323 730 adjicerent
1344 646 1418 710 ani·

267 773 374 827 mnm;
397 751 492 834 idque
513 751 659 816 fecerunt
681 775 744 818 non
768 752 831 816 alio
850 750 991 828 consilio,
1015 772 1108 833 quam
1125 755 1162 814 ut
1176 772 1259 836 aegre
1274 750 1419 815 facerent

267 856 371 939 prisco
387 855 531 920 Romano
546 855 671 935 Caesari,
695 859 783 940 cujus
806 879 825 920 a
847 856 1018 939 majoribus
1041 859 1147 919 tamen
1165 855 1270 920 ornati
1286 855 1419 919 fuerant

266 965 298 1024 ot
321 960 354 1024 in
379 960 458 1024 illud
489 961 655 1046 fastigium
684 963 802 1033 evecti,
835 959 947 1026 deinde
977 964 1014 1024 ut
1044 965 1229 1044 perpetuum
1259 959 1418 1024 haberent

267 1064 460 1129 defensorem
484 1065 633 1130 adversus
663 1066 863 1149 ingruentem
895 1065 960 1128 vim
992 1063 1140 1128 hostiurn.
1187 1063 1256 1130 Hac
1284 1063 1416 1128 tandem

265 1167 388 1232 ratione
403 1166 543 1246 Carolus,
568 1168 731 1233 Gallorum
754 1189 818 1246 rex,
841 1167 945 1232 factus
968 1171 1015 1232 est
1038 1168 1209 1250 imperator
1232 1167 1416 1232 occidentis.

355 1271 515 1338 Hactenus
539 1276 644 1336 antem
674 1272 798 1339 nullum
827 1270 970 1335 extitisse
999 1272 1241 1354 jusjurandum,
1275 1271 1420 1336 dubitari

265 1399 330 1442 non
354 1381 467 1461 potest.
514 1375 590 1441 Cum
615 1375 700 1440 enim
730 1375 875 1459 vigerent
906 1397 962 1458 per
986 1373 1134 1450 Italinm,
1169 1379 1201 1438 et
1234 1376 1266 1438 in
1302 1375 1418 1460 primis

267 1481 386 1558 Romae,
409 1481 658 1564 persecutiones,
683 1502 752 1544 enm
776 1479 986 1544 sollicitarent
1008 1479 1056 1542 illi
1078 1479 1262 1556 ambitiose,
1296 1485 1333 1544 ut
1356 1481 1417 1546 ha-

266 1586 417 1650 berentur
439 1607 536 1670 supra
558 1605 757 1650 communem
782 1582 822 1666 [P
830 1583 880 1667 iij]
904 1582 1037 1646 aliorum
1054 1582 1272 1665 episcoporum
1286 1587 1417 1662 sortem,

268 1711 339 1756 cum
374 1688 486 1754 deinde
518 1689 649 1754 Carolus
672 1687 807 1773 Magnus
830 1688 914 1770 ipsos
937 1687 1096 1752 beneficiis
1119 1688 1299 1766 devinciret,
1322 1689 1419 1752 facile

266 1795 400 1879 cogitari
430 1796 555 1876 potest,
591 1813 684 1875 quarn
716 1792 796 1855 nihil
829 1792 873 1854 sis
903 1791 1076 1854 detulerint
1098 1791 1234 1856 Caesares
1264 1793 1418 1876 praecipui

266 1899 416 1976 honoris,
439 1898 634 1962 suborientis
657 1901 763 1961 autem
787 1897 843 1960 illo
865 1895 968 1979 prisco
990 1896 1110 1960 Caesare
1133 1917 1197 1960 non
1220 1900 1306 1975 erat,
1329 1897 1418 1980 quod

265 2004 366 2067 nllnm
389 2025 453 2068 non
476 2003 626 2067 honorem
650 2003 753 2079 modo,
780 2001 834 2065 sed
859 2023 897 2065 ne
919 2002 1048 2086 signum
1070 2002 1196 2086 quidem
1219 2003 1336 2066 amoris
1359 2023 1418 2066 ex-

265 2110 438 2191 pectarent.
485 2105 613 2171 Certum
644 2110 694 2170 est
723 2107 839 2190 igitur,
874 2127 939 2169 non
962 2106 1063 2170 solum
1087 2128 1149 2171 non
1173 2107 1316 2170 extitisse
1337 2109 1418 2170 tuno

265 2213 366 2276 ullum
385 2211 618 2295 jusjurandum,
642 2211 695 2274 sed
718 2209 821 2273 doceri
844 2231 967 2294 quoque
983 2213 1087 2293 potest
1102 2210 1306 2274 historiarum
1322 2209 1417 2274 testi·

834 2329 849 2366 *

265 2422 328 2486 neit
349 2420 517 2504 genebrel,
541 2419 607 2482 dise
628 2418 753 2502 pratici(
772 2418 926 2482 erfnnden
941 2417 1007 2495 hat,
1031 2417 1081 2481 die
1096 2417 1204 2502 Konig
1219 2421 1257 2482 nd
1274 2417 1418 2484 Franck-

263 2525 360 2602 reich,
385 2546 446 2589 von
468 2523 626 2602 nelchen,
650 2545 700 2600 er,
724 2523 781 2587 inn
805 2524 911 2588 seinen
935 2527 1064 2606 grtlsten
1088 2527 1202 2600 ndten,
1227 2544 1282 2587 vor
1304 2525 1418 2590 seinen

264 2628 408 2706 fenden,
442 2629 478 2691 in
500 2627 634 2702 italien,
669 2631 800 2691 errettet
823 2627 888 2692 und
911 2627 1053 2690 erhalten
1078 2649 1159 2706 nar,
1191 2632 1230 2693 ud
1254 2629 1416 2714 benegen,

265 2733 347 2797 nach
369 2731 440 2796 dem
462 2731 688 2795 Keiserthumb
710 2735 748 2795 atr
771 2731 937 2808 traohten‚
972 2732 1071 2796 demit
1101 2755 1134 2796 er
1164 2735 1272 2796 seinen
1301 2735 1417 2798 nider-

265 2838 418 2922 nertigen
442 2835 572 2911 Keiser,
607 2836 739 2900 nelcher
762 2839 801 2900 art
823 2834 1084 2919 Constantinopel
1116 2838 1225 2902 seinen
1253 2859 1317 2902 sess
1345 2839 1415 2918 het,

265 2944 388 3006 trotzet.
419 2939 497 3004 Also
519 2940 562 3004 ist
584 2937 715 3004 Carolus
737 2938 844 3023 Kdnig
867 2944 905 3004 ad
930 2941 1147 3019 Franckreioh,
1171 2963 1273 3026 gegen
1296 2943 1416 3009 Nider·

265 3067 351 3131 gang
373 3046 428 3111 der
450 3045 587 3122 Sonnen,
611 3043 723 3110 Keiser
746 3045 882 3108 worden.

265 3150 420 3215 Bisanher
442 3151 484 3214 ist
506 3149 587 3214 noch
610 3149 684 3213 kein
708 3148 767 3212 Eid
791 3171 951 3234 genesen,
978 3149 1071 3214 Denn
1094 3150 1141 3214 als
1163 3151 1208 3214 sie
1231 3153 1417 3238 ansenglich

265 3255 434 3340 verfolget,
465 3253 603 3318 darnach
626 3256 672 3317 als
695 3255 739 3318 sie
770 3274 842 3316 vom
866 3253 1076 3318 Constantino
1107 3255 1244 3340 hagabet
1275 3260 1418 3340 nurden,
1510 3249 1512 3296 ³

266 3359 329 3424 und
352 3361 398 3423 als
421 3359 467 3424 sie
496 3359 658 3443 folgends,
694 3359 754 3422 den
777 3357 911 3422 Keisern
939 3363 1065 3423 mdsteu
1098 3360 1317 3439 nuchlanffen,
1353 3365 1420 3429 den

265 3462 389 3529 Primat
404 3467 442 3528 ad
458 3464 619 3546 erlangen,
636 3463 708 3545 [30]
725 3463 767 3526 ist
783 3463 842 3526 nol
858 3467 896 3527 nd
912 3485 1078 3541 ermessen,
1094 3464 1149 3527 das
1161 3465 1211 3528 die
1222 3465 1343 3545 Keiser,
1360 3469 1421 3534 das

264 3563 368 3632 hdtlin
382 3569 431 3632 nit
442 3567 550 3632 hetten
561 3568 684 3646 ndllen,
698 3589 753 3632 vor
763 3567 847 3644 iuen,
859 3569 905 3632 als
916 3590 971 3632 ror
979 3569 1045 3632 iren
1055 3568 1238 3649 lehenhern,
1253 3571 1417 3638 abziehen.

264 3671 354 3736 Beim
378 3672 600 3736 Grieehischen
624 3671 698 3735 oder
720 3669 940 3736 Orientischen
964 3671 1090 3751 Keiser,
1122 3676 1251 3739 ndrden
1275 3677 1320 3740 sie
1342 3699 1419 3742 ver-

263 3776 390 3859 geblich
412 3777 544 3842 darumb
566 3777 757 3860 angesdchet
786 3777 898 3840 haben.
946 3777 1023 3840 Also
1056 3778 1098 3842 ist
1134 3780 1184 3843 nit
1212 3781 1306 3846 allein
1338 3782 1418 3847 kain

263 3879 323 3942 Eid
346 3881 488 3946 dandmal
512 3902 676 3965 genesen,
711 3881 824 3944 sunder
854 3904 928 3945 man
960 3884 1022 3947 kan
1054 3884 1100 3948 sie
1130 3886 1210 3950 auch
1243 3886 1340 3950 durch
1364 3887 1420 3952 die

263 3982 418 4047 historien
442 3981 647 4070 fiberzengen,
672 3985 727 4048 das
750 3985 794 4048 sie
810 3985 871 4049 ires
886 3986 1114 4052 Bischthurnbs
1130 3990 1205 4053 oder
1221 3989 1419 4055 Babstumbs

263 4087 483 4152 confirmation
508 4111 578 4153 vom
602 4089 713 4153 Keiser
735 4090 903 4173 empfahen
926 4094 1063 4169 mdsten,
1086 4093 1145 4156 nie
1167 4115 1201 4158 es
1224 4097 1309 4160 dann
1332 4095 1418 4160 auch

263 4211 318 4254 zur
339 4191 401 4254 neit
423 4191 533 4256 Keiser
556 4193 644 4258 Carls
667 4194 816 4279 gehalten
840 4195 951 4258 narde.
998 4194 1073 4260 Nun
1098 4197 1141 4260 ist
1163 4197 1238 4262 aber
1261 4221 1334 4278 nar,
1359 4202 1419 4266 das

263 4295 291 4362 ir
315 4317 433 4374 nosen,
457 4299 642 4383 regiarung,
667 4299 781 4383 pracht
805 4301 868 4364 und
891 4301 1103 4389 herrschung,
1127 4308 1165 4370 zd
1188 4304 1301 4370 Keiser
1325 4305 1419 4374 Carls
