3160 4960
748 351 767 415 9

179 531 322 611 tempore
332 525 443 612 vigiles
455 525 652 610 colligemus,
677 524 804 610 quando
819 525 877 591 illa
892 527 1015 590 naturae
1031 524 1239 591 beneficentia
1254 525 1329 589 dum

178 632 245 697 haec
275 633 444 717 quaerimus
467 631 656 694 invenimus.
701 631 839 713 Tempus
869 634 976 696 autern
1006 630 1178 716 colligendi
1208 631 1328 694 victum

177 743 227 803 est
249 738 367 815 messis,
391 737 474 802 unde
496 757 582 801 nunc
602 736 732 820 provide
755 735 915 801 laboribus
938 737 1063 820 colligo,
1088 757 1151 819 quo
1174 735 1327 800 nimirum

177 844 211 906 in
234 843 322 907 arida
344 843 456 928 hyeme
479 842 631 926 opulenta
651 841 759 924 requie
780 843 861 907 vivo.
907 841 956 907 Tu
979 863 1053 906 vero
1075 841 1253 924 improvida
1275 841 1328 906 fu·

151 952 286 1012 storum
308 952 433 1033 tempus
456 947 623 1032 negligens
646 947 788 1012 instabili
812 951 930 1031 puncto
960 947 1076 1030 quietis
1097 967 1185 1014 nunc
1207 945 1327 1024 existis,

177 1053 242 1116 imo
264 1075 350 1118 nunc
371 1054 474 1138 magis
497 1053 636 1117 abuteris
660 1053 837 1117 cantilenis.
883 1051 963 1118 Cum
986 1052 1114 1128 folium,
1147 1073 1210 1135 quo
1242 1073 1328 1116 nunc

48 1211 64 1228 .
177 1158 353 1236 delectaris,
377 1158 468 1241 quasi
491 1159 603 1222 umbra
625 1157 799 1235 transierit,
824 1162 855 1222 et
878 1158 984 1243 gravis
1008 1157 1100 1221 ardor
1121 1155 1214 1221 famis
1230 1155 1326 1220 simul

176 1283 247 1326 cum
271 1266 409 1347 egestate
432 1265 624 1341 successerit,
648 1264 731 1328 nihil
753 1267 943 1347 congregato
958 1264 992 1327 in
1009 1283 1119 1341 messe,
1142 1281 1248 1326 nonne
1263 1261 1325 1324 im·

176 1368 383 1451 providentiae
410 1369 479 1432 diro
507 1369 614 1454 gladio
645 1370 745 1433 vitem
776 1369 856 1447 tibi,
889 1389 986 1452 quam
1007 1366 1175 1432 admodum
1206 1365 1325 1450 diligis,

135 1495 160 1531 n
176 1471 361 1556 peremisti?
385 1471 443 1536 Sed
468 1473 612 1551 attende,
643 1495 766 1557 quaeso,
791 1478 945 1557 quantum
969 1475 1001 1537 in
1026 1472 1091 1538 suis
1114 1472 1207 1536 rebus
1229 1492 1325 1556 regu·

176 1575 304 1641 laritate
319 1577 459 1643 mirabili
476 1578 682 1661 providentiae
702 1582 816 1642 natura
833 1578 973 1644 ducatur.
1012 1575 1159 1661 Namque
1174 1597 1326 1642 venarum

175 1679 280 1744 fontes
302 1681 412 1765 plenos
434 1683 468 1745 in
491 1681 616 1765 pascuis
639 1682 826 1746 animalium
849 1702 973 1766 semper
996 1680 1107 1760 habet,
1125 1683 1164 1746 ut
1178 1703 1250 1747 cum
1265 1701 1320 1744 ne·
1439 1755 1442 1760 ¹

175 1806 259 1849 cesse
274 1785 381 1864 fuerit,
406 1787 554 1851 membris
571 1786 711 1851 debitum
729 1793 761 1852 et
777 1790 989 1871 praeperatnm
1006 1787 1138 1871 provida
1153 1785 1326 1850 distribuat

175 1889 372 1954 alimentum.
419 1891 540 1956 Annali
570 1893 696 1976 quidem
726 1892 860 1956 circuitu
893 1892 953 1956 snb
976 1892 1101 1957 zodiaco
1124 1893 1171 1956 sol
1193 1891 1326 1974 provido

135 1994 304 2058 seductore
327 1995 532 2075 conducitur,
564 2001 601 2060 ut
624 1997 668 2061 sic
692 1997 895 2081 provideatur
916 1999 1049 2061 mutatis
1071 1997 1267 2081 temporibus
1290 1995 1325 2059 in

174 2099 327 2162 futurum.
373 2099 457 2165 Nam
479 2105 512 2166 et
534 2107 619 2166 terra
641 2103 674 2165 in
699 2101 811 2187 hyeme
833 2103 981 2185 concipit,
1008 2125 1077 2187 quse
1093 2104 1216 2187 digesta
1231 2105 1323 2165 sesta-

174 2203 217 2266 tis
232 2205 378 2269 incendio
393 2207 494 2270 futuri
510 2207 878 2292 temporis-providentia
893 2208 1010 2292 gignit.
1048 2206 1203 2273 Similiter
1218 2210 1324 2271 autem

173 2312 377 2391 prosequenti
400 2333 484 2376 anno
507 2313 604 2377 semel
625 2314 784 2378 suaviores
807 2313 913 2396 palme
935 2312 1067 2377 dactilos
1091 2311 1200 2397 gignit
1222 2315 1255 2375 et
1277 2310 1324 2375 vi-

174 2412 217 2476 tis
239 2414 393 2498 liquorem
417 2416 635 2481 dulcissimum
657 2418 727 2502 peri
749 2417 860 2481 ordine
883 2417 929 2480 sic
952 2417 1101 2482 destillat.
1150 2416 1201 2481 Sic
1227 2416 1322 2480 nimi·

133 2539 159 2577 ro
174 2537 244 2581 rum
267 2519 382 2598 sontes,
406 2521 461 2604 qui
484 2543 547 2585 non
566 2543 688 2606 semper
704 2523 892 2601 scaturiunt,
917 2523 1035 2587 virtute
1046 2522 1211 2586 stellarum
1227 2520 1324 2584 semel

173 2625 259 2686 terra
270 2624 394 2690 imbuta
406 2625 596 2692 humiditate
607 2627 731 2692 diutina
754 2629 876 2712 profusi
899 2632 1081 2693 cernuntur.
1129 2625 1221 2691 Unde
1234 2629 1322 2690 totus

174 2730 295 2792 naturae
325 2731 403 2795 ordo
433 2733 631 2816 providentis
660 2734 865 2818 gubernatur.
911 2733 993 2810 Quid
1014 2734 1114 2819 igitur
1146 2754 1184 2796 ea
1205 2732 1321 2814 spreta,

172 2852 241 2913 qnae
253 2837 302 2898 est
311 2835 384 2899 vitm
392 2841 458 2900 tam
468 2837 853 2920 commodagubernatrix,
866 2837 1037 2922 futuroque
1046 2835 1323 2923 neglectodeprae-

172 2937 312 3002 sentibus
325 2942 450 3004 tantum
462 2942 602 3025 gaudes?
625 2941 695 3027 llgo
707 2949 799 3022 certe,
816 2945 962 3023 nissllor,
979 2944 1142 3009 defuturis
1150 2942 1222 3026 plus
1238 2961 1322 3019 curo,

132 3061 158 3098 ae
172 3063 246 3104 nam
263 3045 457 3124 praeteritum
472 3047 604 3130 perdidi,
620 3047 744 3112 instans
760 3049 830 3114 coeli
843 3072 934 3115 cursu
949 3049 1148 3132 rapidissimo
1159 3049 1225 3130 jam
1234 3049 1324 3110 ban·
1346 3069 1351 3076 ·

172 3144 249 3222 sivi,
278 3151 310 3210 et
333 3152 457 3214 tantum
479 3153 561 3234 quod
585 3157 744 3236 superest,
776 3155 916 3219 futurum
948 3153 1079 3240 possedi.
1125 3151 1185 3216 His
1208 3151 1324 3214 auditis
1388 3239 1390 3244 Ι

171 3253 257 3314 mota
280 3252 386 3318 cienda
401 3258 526 3340 rogavit
548 3261 584 3321 ut
599 3257 665 3322 haec
681 3259 756 3341 quid
781 3263 886 3324 essent
908 3259 1100 3324 diffinitione
1122 3258 1321 3321 monstraret.

172 3353 217 3417 At
238 3355 295 3419 illa
318 3357 454 3423 libenter
476 3383 582 3444 preces
606 3363 777 3428 admittens
793 3365 913 3448 inquit:
936 3365 1135 3448 providentia
1158 3361 1322 3445 quidest?

171 3457 204 3523 Si
216 3460 344 3524 verbum
362 3463 494 3546 dignum
511 3466 609 3531 habeo
625 3472 674 3532 est
689 3469 756 3546 hoo,
781 3477 848 3533 arte
864 3469 972 3553 vigilis
985 3467 1118 3532 rationis
1135 3467 1168 3530 in
1183 3465 1240 3530 hau
1255 3465 1321 3529 vita

55 3615 66 3628 .
130 3584 157 3620 ³0
172 3565 355 3629 transitoria
377 3569 457 3632 talia
479 3591 672 3656 congregare
703 3579 735 3636 et
766 3580 958 3659 congregata
989 3573 1219 3638 iuviolabiliter
1244 3592 1319 3635 oon·

171 3689 309 3748 servare,
342 3693 359 3734 e
388 3675 502 3756 quibus
534 3699 655 3760 semper
687 3680 774 3743 vivas
804 3681 836 3743 in
860 3685 979 3744 aeterna
1001 3683 1033 3742 et
1051 3679 1190 3763 gloriosa
1205 3676 1321 3760 quiete.

169 3771 237 3848 Quo
259 3774 343 3839 dicto
365 3784 496 3844 onerata
521 3783 673 3864 processit
695 3783 734 3846 ad
757 3784 900 3848 nidulum
924 3805 1024 3847 suum.
1156 3806 1159 3812 ·

250 4001 387 4069 llonec
409 4006 605 4070 mortalis
628 4029 684 4086 es,
706 4009 805 4074 time
828 4009 981 4092 ubique
1003 4013 1044 4072 et
1065 4009 1241 4092 semper!

127 4177 153 4213 ³⁵
462 4160 517 4225 De
540 4183 657 4227 corvo
679 4170 718 4230 et
740 4165 875 4249 vulpe,
900 4186 966 4250 cap.
993 4173 1021 4230 ὁ.

255 4297 451 4392 Volitantem
476 4322 603 4366 corvum
627 4303 810 4369 famelicum
833 4305 1035 4370 circumcirca
1056 4303 1167 4388 vulpes
1188 4302 1320 4368 latitans

167 4421 225 4464 uec
241 4401 346 4466 minus
360 4403 466 4486 pabuli
485 4405 597 4470 ardens
612 4406 740 4473 latibuli
751 4409 800 4472 sui
816 4409 854 4474 de
877 4409 967 4474 valva
989 4407 1154 4493 conspexit
1176 4428 1212 4472 uc
1234 4429 1331 4498 com·⁴
