3146 4962
690 290 754 354 247

143 461 260 528 Eodem
284 459 380 527 'modo
410 467 518 528 narrat
540 463 656 530 ibidem
687 465 725 528 de
748 462 934 528 Archimede
957 461 1159 547 philosopho,
1193 464 1289 548 quod,

143 589 215 633 cum
248 571 341 653 capta
382 589 438 632 sua
470 569 599 636 civitate
632 568 829 654 Syracusana
863 567 1030 634 Marcellus
1070 568 1207 634 edictum
1236 571 1289 634 da-

145 672 251 750 disset,
277 695 317 737 ue
332 673 534 753 occideretur,
558 675 625 758 ipse
639 695 713 740 vero
727 673 827 739 oculis
842 673 877 737 in
892 677 1009 738 terram
1032 672 1140 739 defixis
1151 674 1290 766 'formam

155 777 204 842 vel
226 777 343 863 figuras
365 799 420 843 seu
441 779 573 845 circulos
595 778 807 856 describebat,
837 777 1070 862 supervenienti
1098 799 1171 843 vero
1193 777 1290 844 militi

137 886 301 966 estsuper
323 887 417 967 caput
439 884 582 949 strictum
594 884 735 964 gladium
755 881 878 948 tenenti
899 885 933 946 et
943 881 1127 966 inquirenti,
1143 880 1289 965 quisnam

143 991 232 1066 esset,
256 991 386 1072 propter
397 988 528 1054 nimiam
550 989 756 1074 cupiditatem
776 989 842 1052 veri
858 987 1081 1070 investigandi,
1105 987 1188 1071 quod
1204 1007 1288 1070 qum·

143 1091 233 1158 rebat
253 1092 287 1157 in
310 1091 439 1178 liguris,
469 1114 583 1158 nomen
612 1115 705 1158 suum
734 1091 873 1157 indicare
894 1113 959 1156 non
982 1089 1106 1175 potuit,
1138 1090 1192 1156 sed
1215 1111 1288 1174 pro·

142 1199 245 1262 tracto
266 1198 394 1279 pulvere
415 1197 577 1264 menibus:
598 1197 682 1274 noli,
707 1195 829 1280 inquit,
853 1195 991 1275 obsecro,
1014 1197 1112 1261 istum
1134 1195 1286 1264 circulum

143 1300 335 1380 disturbare,
365 1306 398 1366 et
426 1303 472 1367 sic
501 1303 591 1387 quasi
622 1301 787 1388 negligens
815 1301 984 1386 imperium
1011 1301 1141 1366 victoris
1171 1300 1287 1365 militis

105 1424 133 1462 10
146 1405 253 1492 gladio
275 1410 324 1472 est
345 1406 562 1474 obtruncatus.

394 1580 447 1647 Dc
469 1580 854 1667 cameleopardulo,
877 1581 950 1648 dial.
975 1583 1025 1648 98.

229 1686 522 1805 Cameleopsrdulus
544 1726 592 1786 est
614 1721 731 1786 animal
762 1718 982 1803 aethiopicum,
1010 1723 1047 1782 ut
1070 1717 1147 1784 dicit
1169 1717 1281 1784 isidor.

142 1823 190 1890 Li.
218 1822 299 1888 ΧΠ0
329 1826 362 1888 ct
391 1823 474 1890 Plin.
497 1824 533 1889 L.
556 1823 654 1890 VIII⁰
685 1846 751 1908 cap.
776 1821 869 1900 XIX,
902 1826 997 1906 ceput
1026 1822 1146 1888 habens
1173 1823 1285 1888 cameli

142 1933 175 1993 et
195 1928 312 1993 collum
335 1929 405 2012 equi
428 1933 460 1994 ct
482 1951 574 1996 crura
595 1935 627 1996 et
649 1930 742 2014 pedes
756 1929 864 1994 bubali
889 1933 921 1994 et
936 1929 1073 1994 maculas
1088 1927 1188 2012 pardi.
1227 1928 1285 1994 Fst

104 2051 130 2090 1⁶
143 2037 248 2100 autem
285 2033 384 2099 bestia
413 2035 544 2100 maculis
576 2036 656 2102 albis
687 2022 820 2100 rutilum
850 2036 984 2100 colorem
1014 2031 1285 2119 distinguentibus

143 2138 382 2222 superadspersa
417 2144 449 2204 et
483 2145 531 2204 est
569 2141 671 2206 bestia
711 2141 812 2226 magis
852 2140 1001 2224 adspectu
1030 2161 1126 2224 quam
1158 2137 1285 2204 feritate

144 2243 328 2327 conspicua,
352 2245 385 2308 in
408 2249 534 2310 tantum
558 2249 731 2323 mansueta,
759 2245 842 2330 quod
864 2245 961 2310 etiam
982 2243 1049 2308 oris
1072 2242 1147 2308 fera
1171 2264 1286 2309 nomen

143 2347 272 2432 accepit,
295 2351 332 2412 ut
354 2348 431 2414 dicit
453 2349 544 2415 idem.
592 2350 653 2415 Hic
675 2351 778 2434 pictor
799 2349 986 2436 magnificus
1008 2347 1136 2413 effectus
1163 2369 1284 2432 semper

143 2451 303 2518 Christum
335 2459 567 2520 monstruosum
597 2455 773 2542 effigiabat,
809 2459 845 2519 ut
876 2476 908 2519 se
935 2453 1124 2531 vindicaret,
1154 2458 1284 2537 propter

104 2587 131 2626 rc
144 2559 226 2642 quod
258 2557 350 2623 multi
377 2558 538 2626 Christum
572 2560 830 2645 depretiabantur
857 2560 1013 2626 dicentes:
1046 2559 1201 2642 quomodo
1230 2559 1284 2624 hic

139 2665 249 2748 juvare
273 2685 328 2730 nos
351 2664 460 2745 debet,
493 2667 548 2750 qui
569 2687 627 2732 nec
649 2667 782 2732 formam
804 2666 900 2732 habet
923 2688 979 2730 uec
1003 2667 1170 2731 decorem?
1199 2663 1284 2739 Qua-

143 2769 213 2834 dam
237 2773 343 2834 autem
373 2770 440 2835 vice
470 2770 522 2836 hic
543 2772 830 2856 cameleopardulus
853 2774 917 2839 alte
940 2770 1102 2837 Christum
1124 2768 1285 2835 colorabat

142 2879 175 2939 et
195 2894 253 2958 pro
275 2894 366 2958 posse
387 2896 443 2940 suo
466 2876 569 2960 ipsum
585 2881 819 2942 monstruosum
841 2881 875 2942 et
889 2878 1070 2962 despectum
1085 2872 1282 2941 ostendebat.

141 2978 233 3044 Unde
255 2977 400 3043 Christus
422 2981 626 3064 perturbatus
646 2984 676 3047 ei
698 2983 847 3066 apparuit
877 2983 999 3047 dicens:
1030 3003 1127 3066 quare
1158 3001 1207 3044 mc
1237 2978 1283 3043 ric

102 3112 128 3150 a
142 3083 289 3168 detrupas
316 3083 483 3150 ostendens
512 3107 650 3152 maesse
678 3091 940 3168 monstruosum,
959 3107 1031 3151 cum
1062 3085 1122 3150 sim
1152 3082 1283 3168 pulcher

140 3209 205 3273 prae
225 3187 301 3252 filiis
323 3188 511 3254 hominum?
539 3189 578 3255 In
609 3211 659 3255 mc
687 3191 794 3275 angeli
823 3191 942 3256 intueri
973 3189 1153 3254 desiderant
1182 3192 1214 3253 et
1242 3191 1279 3253 tu

139 3293 289 3359 honorem
317 3296 349 3358 et
370 3293 511 3359 decorem
533 3316 637 3360 meum
659 3294 706 3360 vis
729 3297 860 3378 rapere?
891 3295 949 3361 Cui
972 3267 1278 3377 cameleopardulus:

141 3401 196 3463 enl
219 3419 284 3464 non
307 3397 406 3464 credis
421 3420 472 3463 me
483 3399 659 3477 memorari,
683 3399 765 3482 quod
787 3421 838 3464 me
859 3403 1094 3464 monstruosum
1115 3396 1277 3482 plasmast'

141 3506 175 3568 et
196 3497 260 3567 no'n
282 3503 460 3569 decorasti?
489 3502 585 3570 Nunc
608 3503 647 3567 de
668 3507 702 3568 te
722 3525 773 3568 me
797 3503 960 3569 vindicabo
980 3525 1037 3568 nec
1058 3524 1199 3586 unquam
1220 3501 1282 3566 tibi

100 3635 128 3675 ao
142 3628 279 3693 porcam,
307 3607 449 3674 Christus
472 3613 577 3674 autem
600 3607 820 3692 perturbatus,
844 3629 914 3673 cum
936 3608 1000 3673 alte
1022 3609 1178 3694 pingeret,
1200 3629 1281 3692 prae·
1411 3637 1417 3650 ·

141 3711 287 3796 cipitavit
309 3732 379 3776 eum
401 3713 526 3778 dicens:
554 3713 670 3778 malam
699 3713 894 3798 perpetravit
920 3713 1111 3792 vindictam,
1143 3713 1198 3797 qui
1227 3733 1283 3794 per

140 3817 243 3901 ipsam
266 3816 370 3902 perdit
390 3817 498 3884 vitam.
544 3815 595 3882 Sic
625 3819 711 3882 enim
732 3817 825 3883 multi
856 3823 932 3883 sunt
950 3818 997 3882 ite
1019 3817 1123 3882 acerbi
1145 3821 1177 3882 ct
1199 3815 1281 3896 duri,

141 3922 224 4006 quod
247 3941 410 4005 nunquam
433 3919 583 4006 injuriam
605 3922 719 3987 volunt
740 3921 919 4001 dimittere,
950 3923 1003 3987 sed
1026 3943 1148 4006 semper
1170 3920 1282 3986 volunt

140 4027 308 4092 vindicare.
353 4025 488 4112 Propter
510 4027 593 4109 quod
616 4026 732 4091 dicitur
755 4025 837 4092 Eccl.
859 4025 1035 4091 XXVHI⁰:
1059 4026 1113 4111 qui
1129 4025 1281 4092 vindicari

100 4139 127 4180 ³⁶
141 4132 219 4210 vult,
243 4153 261 4196 a
287 4129 354 4197 Deo
376 4131 517 4196 inveniet
538 4130 720 4196 vindictam.
766 4130 902 4216 Ideoque
923 4129 1054 4198 Seneca:
1077 4131 1201 4216 iujuriae
1224 4128 1281 4193 ob-

140 4237 242 4302 livisci
266 4235 428 4316 debemus,
461 4237 536 4320 quia
568 4235 753 4320 injuriarum
776 4236 949 4302 remedium
971 4241 1019 4302 est
1040 4235 1165 4302 oblivio.
1211 4234 1281 4299 An·

141 4342 224 4428 tiqui
246 4341 402 4427 principes
424 4339 554 4408 fumant
575 4340 743 4408 clementes
764 4345 797 4406 et
818 4341 951 4429 benigni
969 4342 1003 4407 in
1019 4342 1121 4408 dando
1136 4340 1278 4428 indignis
