3172 4958
735 304 774 366 71

180 473 352 540 struxerim
388 473 543 540 universa
603 473 813 552 Quamobrem
853 475 881 540 si
918 475 995 560 quid
1033 480 1143 542 eontra
1180 476 1333 543 directum

180 577 242 642 tibi
269 577 396 644 videtur
418 577 519 643 inesse
542 577 689 663 operibus
720 579 818 658 meis,
848 579 895 644 ibi
927 581 1048 648 oooulte
1081 582 1192 668 regula
1224 582 1333 648 latitet
1369 567 1373 574 ¹

181 683 327 750 rationis.
371 681 492 750 Verum
513 684 541 748 si
564 687 725 749 strnotura
747 688 803 750 lua
824 685 930 751 minus
955 687 989 752 in
1011 687 1134 772 pupille
1154 687 1256 753 visum
1273 686 1332 752 ha-

180 787 262 866 buit,
285 809 380 853 eausa
398 789 466 874 jam
487 788 602 855 rutilat
632 789 667 854 in
689 790 789 856 oeulis
813 791 976 875 sapientie.
1022 789 1170 875 Namque
1194 791 1332 858 latebras

56 941 58 944 -
154 893 294 958 ⁵ineolis
315 897 348 958 et
371 897 497 959 terrena
518 893 662 960 totaliter
685 894 834 972 dilexisti,
855 916 962 960 amore
979 917 1116 979 namque
1130 897 1332 962 terrestrium

182 997 350 1081 perdidisti
361 997 505 1064 eoelestia
519 1002 551 1062 et
565 997 727 1082 diligendo
742 998 875 1063 odibiles
892 998 1038 1064 tenebras
1054 999 1175 1066 lumine
1190 1000 1332 1068 caruisti.

179 1100 233 1166 An
255 1101 426 1180 nescivisti,
450 1103 534 1186 quod
556 1101 692 1168 avaritia
714 1107 932 1180 monstruosa,
957 1103 1032 1187 quie
1054 1103 1150 1168 nimis
1173 1105 1334 1170 adamavit

180 1207 361 1284 terrestria,
396 1206 535 1290 perdidit
567 1206 707 1274 ooelestia
738 1211 772 1272 et
802 1205 899 1271 habet
931 1207 1039 1272 oeulos
1071 1212 1103 1272 et
1134 1230 1197 1273 non
1221 1207 1329 1273 videt?

180 1309 328 1396 Namque
350 1332 432 1377 eaeoa
454 1311 577 1376 dimisit
597 1333 672 1376 vera
693 1311 779 1377 bona
806 1332 873 1395 pro
893 1311 1001 1391 falsis,
1033 1312 1097 1377 fixa
1125 1335 1183 1397 pro
1211 1312 1327 1391 fluidis,

142 1444 168 1482 lo
182 1416 322 1482 celestia
344 1438 403 1501 pro
424 1417 559 1481 terrenis
581 1420 614 1481 et
635 1416 682 1482 sie
703 1416 831 1480 infinita
852 1438 910 1500 pro
934 1417 1091 1500 minimis,
1114 1416 1253 1504 gloriosa
1275 1437 1332 1502 pro

179 1520 320 1600 miseris,
352 1541 461 1588 secura
490 1542 548 1605 pro
581 1520 704 1600 dubiis,
737 1526 847 1586 saneta
868 1543 926 1605 pro
947 1522 1092 1606 pessimis
1116 1542 1152 1586 ae
1181 1521 1334 1608 gaudiosa

180 1647 239 1710 pro
261 1624 417 1690 afliotivis.
464 1615 645 1710 Congregat
667 1626 768 1690 stulta
789 1624 917 1709 quidem
939 1627 1086 1704 exterius,
1114 1630 1148 1691 at
1159 1627 1246 1692 intus
1278 1626 1332 1691 de·

180 1733 381 1816 pauperetur,
404 1730 439 1794 in
461 1729 555 1795 undis
577 1751 611 1794 se
633 1733 722 1794 tenet
744 1729 973 1808 diffluentibus,
995 1736 1113 1794 terram
1136 1729 1275 1815 possidet
1296 1733 1330 1795 et
1428 1787 1433 1794 .

180 1857 200 1901 a
222 1835 299 1900 diris
322 1835 432 1900 inieris
444 1835 631 1919 possidetur.
677 1834 834 1911 Quoniam
857 1840 889 1900 et
912 1840 1012 1915 vorat,
1035 1840 1072 1901 ut
1088 1841 1222 1917 evomat,
1246 1841 1334 1902 amat

141 1968 168 2007 rs
182 1961 245 2025 quo
267 1945 394 2025 pereat,
426 1961 462 2006 ae
492 1939 607 2024 quaerit
637 1941 720 2023 quod
742 1941 870 2023 perdat,
904 1945 996 2006 ourat
1017 1945 1054 2007 ut
1076 1941 1197 2020 doleat,
1221 1945 1333 2006 onerat

181 2067 225 2124 se,
248 2049 285 2109 ut
307 2045 445 2110 velocius
466 2045 500 2109 in
516 2045 667 2130 abyssum
689 2044 867 2112 descendat.
913 2043 946 2111 si
969 2045 1095 2125 audisti,
1118 2045 1252 2112 avaritia
1274 2045 1331 2129 ob-¹

181 2153 315 2218 euocatus
326 2150 421 2214 homo
432 2150 617 2216 deliciarum
631 2171 705 2214 mox
719 2150 857 2233 perdidit
867 2151 1056 2234 paradisum.
1096 2149 1243 2235 Namque
1259 2171 1331 2216 eum

181 2255 306 2322 animus
321 2275 448 2320 aversus
470 2277 489 2318 a
506 2253 573 2320 Deo
585 2254 807 2339 apparentium
820 2257 946 2319 tantum
958 2255 1164 2338 cupiditatem
1177 2254 1330 2338 concepit,
1421 2286 1425 2294 »

181 2359 295 2426 statim
316 2359 404 2424 intus
427 2347 545 2422 mentis
568 2359 676 2422 lumen
698 2358 837 2441 perdidit
869 2362 901 2422 et
929 2357 1008 2424 foris
1042 2358 1189 2424 reseratis
1212 2357 1333 2442 ¹talpeis

141 2491 168 2528 ao
181 2463 282 2532 oeulis
296 2483 361 2528 suae
375 2461 531 2528 nuditatis
549 2462 715 2528 dumtaxat
732 2463 915 2546 pauperiem
936 2463 1030 2528 videt.
1077 2463 1158 2541 Quia
1180 2462 1333 2530 nimirum

182 2568 328 2635 contuitu
350 2565 483 2632 rationis
506 2566 640 2632 orbatus
661 2565 762 2632 Saul¹
786 2567 863 2632 dum
885 2589 996 2651 peoora
1019 2567 1209 2652 oonoupivit,
1232 2566 1333 2652 regali

181 2671 285 2757 gloria
306 2671 408 2736 oaruit
430 2692 467 2736 ao
490 2671 573 2736 male
595 2672 747 2755 possessis
769 2673 881 2738 bestiis
903 2695 968 2738 una
990 2694 1095 2739 seeum
1110 2676 1226 2738 natura
1241 2693 1333 2755 pares

181 2778 299 2846 amhit
345 2776 445 2853 Quam
476 2777 558 2843 bene
596 2782 681 2844 oerts
715 2779 897 2844 chamelaea
926 2800 990 2843 suae
1019 2777 1124 2844 earnis
1159 2775 1334 2860 eupiditate

180 2881 328 2950 thoraei²
352 2882 456 2966 ipsum
478 2881 639 2948 hostiliter
661 2882 829 2969 infestanti
851 2883 1030 2966 respondit:
1054 2904 1072 2947 ο
1095 2883 1122 2946 si
1146 2879 1330 2946 vitiositatis

140 3012 167 3051 re
182 2989 349 3072 interjecta
364 2985 502 3072 ealigine
524 2989 638 3050 nutum
661 2987 837 3070 prudentie
859 2987 920 3051 tibi
942 2985 1099 3071 cupiditas
1123 3007 1186 3051 non
1209 3005 1329 3050 eaesae-

181 3091 272 3171 set',
306 3089 448 3176 prolecto
469 3090 665 3169 attenderes,
701 3091 785 3174 quod
808 3095 857 3168 te,
888 3091 916 3155 si
948 3111 998 3156 me
1019 3089 1176 3174 possides,
1210 3089 1329 3174 perdes.

181 3197 290 3266 Hebes
311 3197 423 3282 igilur,
446 3194 543 3280 talpa,
567 3195 725 3279 quomodo
747 3195 874 3280 quidem
896 3194 983 3260 faeta
997 3217 1039 3261 es.
1086 3193 1332 3277 Compositionis

182 3303 267 3368 enim
290 3305 354 3368 tuae
376 3299 460 3366 ratio
479 3299 623 3366 avaritiae
645 3305 695 3365 est
716 3300 834 3386 imago.
881 3300 1003 3378 Quibus
1026 3298 1143 3365 auditis
1175 3319 1239 3363 una
1261 3319 1333 3362 oum

182 3406 287 3472 verbis
310 3404 515 3490 querimonia
537 3403 639 3470 oessit.

143 3613 301 3692 eoQuod
323 3614 480 3698 cupidi,
503 3613 1102 3698 quantumcunquehabeant,
1125 3614 1333 3694 suntpau-

688 3738 816 3802 peres.

367 3892 423 3958 De
447 3858 686 3958 cocodrillo
707 3894 747 3956 et
768 3888 1005 3975 sorophilo,
1028 3909 1096 3975 cap.
1122 3893 1151 3956 3.

270 4033 348 4100 Post
378 4033 500 4100 ventris
532 4031 686 4116 repletam
714 4031 848 4096 esuriem
878 4030 1067 4116 gravissimo
1089 4029 1255 4115 depressus
1278 4048 1330 4092 so-

185 4161 263 4227 pore
286 4161 358 4205 eum
380 4137 568 4204 oooodrillus
589 4158 643 4202 ore
665 4139 802 4202 reserato
821 4136 942 4219 jaceret
964 4135 1067 4215 hians,
1097 4156 1172 4200 mox
1201 4132 1333 4199 insidie-

751 4255 771 4296 a

255 4364 269 4419 1
289 4363 322 4418 In
340 4364 394 4418 den
412 4379 491 4433 anag.
509 4361 596 4417 fehlt:
615 4360 691 4416 Saul.
728 4357 881 4415 annuere:
901 4375 990 4416 eorvo.
1033 4355 1185 4416 tendere:
1206 4357 1335 4416 celasset.
