3172 4958
825 291 895 402 'no

458 509 735 574 Proverbium
759 509 904 574 contra
926 511 1136 574 amatores
1159 508 1263 574 vini.

575 681 631 748 De
652 703 725 768 ape
747 686 786 748 et
809 669 1005 761 bibione,
1029 703 1096 768 cap.
1122 685 1152 748 t.

373 820 479 886 Mellis
501 821 665 886 stillicidis
687 821 722 886 in
743 819 877 886 floribus
900 841 992 906 apem
1015 821 1193 906 lingentem
1215 822 1304 888 bibio
1319 821 1440 906 reperit

287 931 321 992 et
342 926 388 992 ibi
403 947 539 1006 causam,
560 927 637 1009 quid
653 931 818 1010 quareret,
841 947 916 992 mox
937 926 1060 1010 petivit
1107 924 1166 992 (lui
1188 927 1246 992 ills
1258 925 1440 1012 respoudit:

260 1028 350 1097 smel
371 1030 536 1097 sitibunda
558 1051 676 1116 quoero,
700 1031 763 1096 mel
784 1031 902 1117 colligo
924 1031 1087 1096 detiorum
1109 1030 1278 1116 profundo.
1323 1031 1371 1096 At
1385 1030 1442 1095 ille

287 1137 355 1202 haec
376 1137 508 1202 audiens
531 1135 639 1202 ridens
655 1135 753 1202 dixit:
775 1136 855 1201 bene
878 1136 1006 1220 scripsit
1021 1136 1222 1216 Aristoteles,
1245 1137 1328 1222 quod
1351 1157 1441 1201 ama·

150 1313 155 1325 ¹
286 1246 370 1306 tores
402 1241 541 1309 dulcium
565 1240 648 1306 fatui
676 1243 769 1318 sunt,
799 1243 1046 1326 putaveramque
1074 1244 1107 1306 te
1127 1245 1288 1308 sensatum
1310 1240 1380 1308 fore
1402 1261 1440 1306 ex

286 1347 371 1433 regis
387 1346 618 1432 gubernatione
639 1348 672 1409 et
688 1349 767 1422 arte,
794 1345 860 1423 sed,
882 1351 919 1410 ut
934 1366 1040 1424 cerno,
1063 1347 1248 1432 operatione
1262 1346 1369 1411 minor
1390 1367 1441 1410 res

287 1455 343 1516 tus
358 1455 415 1515 est.
454 1447 603 1533 Namque
614 1448 756 1513 nondum
771 1450 868 1528 nosti,
891 1449 968 1533 quid
991 1453 1040 1516 est
1061 1450 1125 1516 mel
1147 1456 1180 1518 et
1202 1451 1312 1517 vitalis
1331 1451 1439 1518 suavi·

251 1560 354 1634 rotas,
387 1555 474 1639 cujus
504 1553 620 1618 radicis
650 1554 688 1618 de
717 1552 825 1618 fructu
855 1559 887 1618 et
914 1555 992 1621 flore
1014 1556 1125 1624 stillet.
1171 1556 1329 1634 Attende,
1366 1555 1441 1640 quia
1566 1599 1567 1602 =

288 1661 463 1745 compatior
485 1659 540 1724 siti
564 1664 636 1736 tuse,
660 1659 877 1728 venimecum
906 1663 939 1723 et
961 1660 1043 1724 dabo
1063 1659 1124 1726 tibi
1148 1660 1253 1726 mellis
1273 1659 1440 1726 cellarium

287 1765 426 1850 plenum.
469 1763 515 1829 Ut
531 1763 608 1847 quid
622 1767 692 1827 tota
707 1763 758 1828 die
780 1763 945 1830 sitibunda
969 1767 1002 1830 et
1024 1765 1120 1830 anxia
1141 1765 1174 1830 in
1196 1764 1294 1829 aridis
1309 1763 1442 1828 floribus

287 1867 512 1953 tempestatis?
543 1867 708 1954 egredere,
739 1868 819 1932 cnl¹
852 1873 884 1932 te
915 1865 1089 1934 dulcedinis
1111 1868 1225 1934 ducam
1246 1869 1286 1933 ad
1307 1867 1441 1934 fontem.

288 1974 335 2038 At
357 1995 431 2038 vero
454 1993 527 2038 cum
554 1970 646 2036 illum
669 1972 797 2038 credula
817 1977 1019 2057 sequeretur,
1052 1973 1215 2038 deductam
1246 1974 1287 2038 ad
1316 1969 1441 2038 vitem¹

250 2104 275 2143 ιε
291 2078 336 2142 sic
358 2077 514 2144 allocutus
537 2081 586 2140 est
615 2076 737 2142 dicens:
768 2077 921 2143 nimirum
953 2077 1020 2142 hec
1050 2081 1099 2142 est
1128 2077 1327 2143 abundantia
1355 2077 1441 2154 vitm,

291 2181 620 2267 abundantiegretiae,
643 2181 774 2247 dulcedo
789 2181 920 2260 laetitiae,
943 2182 1090 2247 valetudo
1105 2181 1247 2248 mirificus
1265 2181 1441 2258 medicinae,

289 2285 375 2351 istud
397 2289 445 2350 est
468 2286 531 2351 mel
553 2286 775 2352 suavissimum
798 2307 852 2352 cor
874 2289 1077 2365 sustentans,
1112 2287 1165 2353 hic
1186 2286 1379 2352 balsamicus
1400 2285 1443 2350 li·

289 2412 369 2474 quor
391 2391 605 2456 substantium
628 2392 764 2470 solvens,
789 2391 841 2456 hic
857 2412 916 2456 ros
939 2391 1150 2457 nitidissimus
1173 2389 1443 2459 hominesaDeos-

289 2517 350 2578 que
371 2495 544 2560 laetificsns.
591 2495 672 2560 Bibe
694 2516 770 2580 ergo
792 2517 916 2561 meeum
938 2495 1104 2562 sitibunde
1126 2497 1204 2560 sutis
1228 2500 1261 2560 et
1276 2497 1310 2560 in
1324 2497 1443 2579 jucun·
1567 2489 1568 2492 '

249 2625 274 2664 no
289 2599 389 2664 ditate
410 2600 565 2668 recumbe.
612 2599 664 2665 Ad
686 2601 752 2666 heec
773 2621 872 2686 sagax
894 2601 952 2666 illc
974 2601 1042 2666 vini
1064 2603 1191 2666 odorem
1208 2601 1349 2666 sentiens
1366 2622 1443 2666 mox
1567 2615 1568 2694 f

288 2705 335 2769 ita
356 2703 458 2768 fertur
481 2704 614 2770 dixisse:
650 2705 792 2789 profecto
814 2705 873 2771 hoc
896 2705 1013 2770 dudum
1036 2707 1236 2784 audiveram,
1267 2704 1322 2770 sed
1344 2725 1442 2788 expe-
1567 2709 1568 2716 ’

288 2807 436 2873 rientism
460 2808 647 2888 nesciebam,
673 2809 749 2893 quis
774 2813 933 2875 amatores
955 2809 1023 2875 vini
1046 2813 1124 2876 sunt
1144 2809 1235 2874 ebrii.
1277 2807 1443 2874 Nimirum

288 2913 365 2995 quia
391 2912 466 2978 rino
496 2914 579 2978 male
608 2935 732 2998 semper
762 2915 869 2980 ebrius
898 2937 948 2994 es,
984 2915 1118 2980 rationis
1147 2912 1312 2978 lucernula
1342 2933 1442 2993 ceres,

289 3017 438 3102 quoniam
462 3021 494 3082 et
517 3014 556 3080 de
578 3017 645 3082 viui
669 3019 872 3103 corruptione
894 3019 1022 3105 genitus
1037 3040 1080 3096 es,
1104 3019 1221 3084 idcirco
1241 3019 1280 3084 de
1296 3019 1443 3103 proprie·

249 3147 275 3186 rs
289 3126 356 3186 tote
378 3121 444 3205 ejus
467 3123 706 3206 corruptissime
729 3123 853 3188 locutus
876 3145 917 3189 es.
963 3121 1048 3220 Nam
1078 3124 1188 3188 vinum
1219 3124 1281 3188 mel
1310 3123 1360 3188 ori
1382 3126 1443 3201 est,

288 3228 343 3292 sed
375 3227 501 3310 quidem
531 3226 631 3311 copiti
663 3249 854 3293 venenosum
884 3228 936 3294 fel.
991 3229 1084 3313 Sapit
1112 3227 1147 3292 in
1179 3249 1249 3306 ore,
1285 3228 1376 3293 ardet
1407 3227 1442 3292 in

288 3338 409 3410 ventre,
432 3331 535 3396 fumet
557 3331 590 3395 in
614 3333 728 3416 capite,
751 3333 919 3398 contundit
941 3353 1067 3411 sensus,
1095 3333 1238 3418 vigorem
1262 3332 1443 3410 contundit,

289 3436 552 3522 imaginationem
576 3436 681 3515 fallit,
704 3438 861 3504 rationem
885 3437 1030 3514 destruit,
1054 3437 1142 3502 tollit
1164 3442 1314 3515 mentem,
1338 3437 1443 3502 visum

289 3541 465 3620 obnubilat,
490 3563 602 3607 nervos
626 3541 721 3622 laxet,
745 3543 892 3628 linguam
907 3541 1079 3619 bulbificat,
1101 3563 1137 3608 os
1153 3541 1348 3620 inhonestet,
1372 3563 1442 3606 ms·

249 3669 275 3708 so
290 3667 350 3710 nus
366 3647 536 3725 mobilitat,
560 3651 671 3730 pectus
687 3647 873 3726 inflammat,
896 3651 1024 3730 spumat
1038 3647 1207 3725 luxuriam,
1224 3647 1287 3711 vim
1303 3645 1441 3732 gigniti-

289 3772 362 3815 vam
384 3755 523 3830 enervat,
546 3772 672 3835 gressus
694 3751 866 3829 inordinat,
891 3755 995 3816 totum
1018 3754 1133 3828 vastat,
1157 3751 1203 3815 ite
1226 3753 1305 3815 uta
1331 3751 1444 3834 planta
1467 3813 1470 3816 .

290 3856 378 3938 pedis
395 3878 493 3940 usque
515 3857 556 3920 ad
571 3857 720 3922 verticem
736 3877 800 3920 non
816 3857 860 3919 sit
875 3857 909 3919 in
925 3855 1012 3920 ebrio
1027 3855 1157 3920 sunites.
1187 3854 1308 3920 Vinum
1324 3856 1444 3940 quippe

290 3961 344 4043 qui
366 3962 503 4044 primum
528 3961 627 4040 bibit,
650 3961 827 4026 inebriatus
849 3964 915 4040 est,
939 3960 1133 4025 inebrientus
1156 3961 1295 4044 sopitus,
1317 3959 1443 4042 sopitus

289 4065 445 4143 nudatus,
473 4067 611 4132 nudatus
635 4067 876 4143 inhoneststus,
899 4064 1122 4129 inhonestatus
1145 4064 1274 4132 derisus.
1321 4063 1367 4128 Eo
1389 4085 1444 4128 ve·

250 4193 275 4232 ss
290 4173 425 4234 uenatus
447 4169 531 4236 Loth
554 4175 702 4255 stuprum
725 4171 863 4236 filiarum
888 4193 952 4234 nou
975 4170 1090 4248 sensit,
1119 4169 1225 4234 Amon
1249 4168 1444 4234 temulentus

856 4289 874 4330 s

362 4397 374 4451 1
395 4393 506 4451 Ardere
526 4395 618 4450 lesen:
636 4395 693 4452 sed.
764 4397 781 4450 2
800 4394 910 4450 nudem
928 4392 1005 4449 lesen
1022 4392 1126 4449 falech:
1145 4394 1286 4463 vegetem.
