3074 4952
683 308 746 370 233

132 481 222 549 Nam
243 483 299 566 qui
320 481 445 548 nullam
473 486 531 546 aut
561 481 699 547 ecclesiis
729 485 785 546 aut
818 481 1000 567 reipublicae
1033 480 1289 548 commoditatem

134 588 296 666 adferunt,
317 609 383 651 non
407 589 543 670 possunt
564 586 664 651 ullum
687 587 749 652 sibi
767 588 820 672 jus
842 589 876 652 in
901 609 937 652 ea
960 587 1043 652 hona
1065 587 1237 651 vendicare.

229 691 325 756 Plato
343 690 587 756 saluberrimum
602 713 669 758 esse
683 695 776 776 putat
791 692 968 770 consilinm,
991 696 1027 756 ut
1050 693 1104 776 qui
1127 691 1292 758 civitatum

135 797 369 884 gubernationi
391 799 544 879 proesunt,
568 795 696 862 alantur
718 817 757 861 ex
777 797 923 880 publico,
947 818 1005 861 uec
1025 797 1190 880 proprium
1213 797 1290 880 quid

135 903 332 986 possideant,
355 900 478 967 duabus
493 899 694 984 potissimum
709 900 747 964 de
762 901 875 978 causis,
891 901 1038 984 primum,
1055 905 1092 964 ut
1107 901 1289 985 reipublice

137 1009 315 1074 commodis
337 1011 370 1071 et
391 1004 489 1071 saluti
512 1025 639 1088 prorsus
661 1005 856 1083 incumbant,
881 1005 1010 1083 deiude,
1043 1028 1083 1070 ne
1113 1028 1208 1089 quam
1231 1005 1288 1070 ha·

137 1113 238 1176 beant
260 1113 464 1188 occasionem,
487 1110 613 1194 privata
633 1111 739 1194 potius
760 1110 975 1194 amplificandi
991 1133 1084 1194 quam
1100 1109 1290 1194 procurandi

135 1217 285 1302 publicas
306 1215 555 1282 commoditates.
597 1214 640 1278 Et
662 1237 843 1300 quanquam
866 1217 957 1280 nulla
978 1217 1041 1280 fuit
1061 1237 1201 1300 unquam
1224 1235 1288 1278 res·

138 1323 269 1407 publico
291 1321 376 1398 talis,
400 1342 503 1404 neque
526 1325 643 1386 temere
667 1321 710 1386 sit
731 1321 858 1400 futura,
881 1321 963 1386 sicut
984 1321 1107 1386 fatetur
1129 1321 1215 1403 ipse,
1239 1318 1290 1384 oui

136 1427 219 1492 satis
240 1431 299 1504 est,
322 1447 413 1489 suam
436 1425 626 1490 sententiam
648 1425 820 1504 indicasse,
850 1430 979 1504 tamen,
1000 1425 1040 1489 ¹si
1063 1424 1216 1507 ejusmodi
1239 1424 1289 1488 lex

137 1531 251 1595 debeat
274 1531 308 1593 in
329 1528 600 1614 ulla'reipublicae
622 1533 713 1615 parto
735 1529 839 1595 locum
869 1531 1003 1608 habere,
1037 1529 1179 1613 prolecto
1209 1529 1288 1593 reci·

137 1633 255 1718 pieuda
285 1633 368 1698 foret
399 1635 434 1697 iu
472 1633 780 1699 administrationem
812 1635 1073 1713 ecclesiasticam,
1114 1633 1288 1718 pracsertim

135 1763 210 1804 cum
232 1759 330 1804 sacrae
351 1739 468 1804 litterae
490 1739 700 1818 consentiant,
724 1744 756 1804 et
778 1761 872 1805 nemo
895 1763 959 1806 non
984 1740 1104 1817 videat,
1128 1761 1191 1823 quo
1214 1743 1288 1803 tun·

136 1845 209 1908 dem
233 1843 341 1908 omnia
361 1843 429 1908 sint
451 1843 587 1928 delapso,
610 1847 778 1928 postquam
801 1845 854 1910 hic
876 1845 990 1910 veteris
1012 1844 1148 1909 ecclcsiae
1170 1865 1237 1908 mos
1254 1845 1287 1907 111

135 1953 357 2033 contemptum
379 1953 411 2014 et
433 1948 607 2014 ludibrium
628 1949 633 2034 Ι
653 1950 749 2014 venit.
795 1949 829 2014 Si
857 1951 964 2034 potuit
986 1949 1045 2014 hoc
1066 1949 1171 2013 videre
1193 1947 1288 2012 homo

135 2055 295 2132 ethnicus,
317 2055 410 2119 facile
433 2053 575 2118 divinare
598 2053 689 2132 licet,
713 2054 789 2138 quid
811 2054 1001 2138 sperandum
1024 2053 1082 2130 sit,
1114 2055 1146 2116 et
1167 2052 1223 2137 qui
1245 2051 1288 2116 sit

135 2161 266 2225 futurus
288 2160 390 2225 exitus
413 2158 538 2236 harum,
561 2179 638 2242 ques
662 2181 681 2223 a
702 2158 812 2224 multis
835 2180 920 2223 nunc
943 2159 1035 2222 annis
1055 2157 1213 2234 molimur,
1237 2176 1287 2220 re·

705 2279 723 2318 ἥ

136 2371 260 2456 gelerte
281 2370 361 2436 leien
383 2369 460 2434 oder
482 2368 618 2447 idioten,
641 2369 706 2433 irer
728 2369 849 2453 platten
873 2368 939 2432 und
961 2367 1173 2454 geschmierbs
1196 2366 1287 2452 ffihig

74 2515 79 2522 -
117 2475 207 2540 'sein
229 2479 353 2561 mdgen,
377 2475 437 2539 wie
459 2473 504 2538 sie
526 2494 632 2558 eugen.

226 2577 316 2644 Plato
337 2578 417 2656 will,
440 2578 496 2643 das
518 2577 574 2642 der
595 2581 677 2642 sliitt
704 2576 871 2642 verwaller
902 2578 967 2642 und
997 2582 1164 2664 regenteu,
1195 2577 1285 2658 nichs

135 2685 247 2770 eigens
269 2683 383 2762 haben,
409 2683 524 2749 sondcr
545 2683 601 2748 dns
622 2684 668 2748 sie
690 2705 746 2748 aus
769 2682 823 2748 der
845 2683 1032 2768 gemeinden
1054 2682 1156 2748 seckel
1178 2687 1285 2747 eruent

134 2789 205 2854 und
227 2788 436 2854 nuderhalten
458 2787 599 2866 werden,
631 2788 707 2852 umh
736 2787 845 2852 zweier
869 2788 1022 2853 ursachen
1045 2788 1160 2852 willon.
1207 2789 1285 2852 Zum

134 2898 253 2972 ersten,
276 2894 376 2958 duruit
398 2893 545 2958 sie'ireru
568 2897 658 2976 ampt
679 2893 768 2958 desto
788 2892 943 2978 fleissiger
964 2893 1102 2980 obligen.
1133 2893 1211 2958 Zum
1226 2915 1283 2956 un·

135 2999 255 3075 deren,
288 2997 388 3062 damit
410 2997 456 3062 sie
477 2997 570 3062 keiue
592 2997 651 3082 sdg
672 2997 754 3063 noch
777 2997 866 3062 anlas
889 2997 1009 3076 haben,
1044 2999 1123 3063 irem
1152 2999 1284 3083 sigenen

135 3103 248 3188 genios
269 3101 369 3178 mehr,
393 3101 478 3166 dann
509 3101 579 3166 dem
610 3102 773 3186 gemeinen
805 3105 882 3165 nutu
913 3106 951 3168 ud
984 3099 1107 3166 dienen.
1151 3101 1287 3165 Wieu'ol

136 3231 181 3272 nu
204 3206 312 3272 solche
333 3207 482 3291 ordnung
504 3207 538 3270 in
561 3205 670 3270 keiner
692 3210 757 3271 stet
785 3207 837 3271 nie
865 3227 1027 3292 genesen,
1060 3206 1141 3271 auch
1170 3206 1220 3270 nit
1249 3207 1288 3268 nd

135 3316 304 3378 rermhten
320 3313 372 3390 ist,
396 3311 455 3376 wie
476 3333 509 3376 es
524 3311 608 3376 deun
624 3309 717 3376 Plato
739 3312 821 3376 solbs
845 3312 1011 3391 belrennet,
1037 3312 1099 3376 und
1123 3312 1167 3375 im
1190 3309 1286 3374 allein

136 3421 228 3505 gndg
250 3418 302 3496 ist,
325 3418 413 3482 scine
435 3420 511 3502 gille
533 3417 685 3502 meinung
719 3417 783 3481 und
813 3417 885 3480 rath
915 3416 1083 3503 augezeigt
1111 3421 1150 3482 nh
1171 3415 1286 3492 haben,

137 3521 304 3600 dennoch,
338 3543 432 3586 wenn
462 3521 598 3606 gemelle
632 3521 780 3606 ordnung
810 3522 844 3586 in
875 3523 1013 3608 einigem
1043 3523 1201 3607 regimcnt
1222 3521 1289 3586 auff

138 3627 234 3692 erden
257 3632 320 3692 stat
340 3627 443 3692 haben
466 3628 538 3704 solt,
560 3647 596 3690 sc
618 3621 705 3691 urrist
726 3626 772 3690 sio
794 3626 906 3692 billich
921 3629 965 3690 im
981 3627 1112 3692 kirchen
1128 3627 1286 3712 regiment

134 3731 256 3817 gelten,
278 3733 343 3796 und
365 3731 587 3816 auffgerichtct
608 3732 751 3810 werden,
781 3733 896 3810 rorab,
928 3733 1020 3797 dweil
1043 3731 1123 3798 auch
1146 3733 1196 3796 die
1218 3731 1286 3796 hei·

135 3837 203 3924 lige
224 3836 355 3902 Schrifft
376 3837 442 3901 und
464 3837 518 3900 des
540 3835 663 3902 Horren
687 3824 811 3902 befclch
834 3838 911 3904 dard
935 3839 1055 3916 stimet,
1079 3839 1143 3901 und
1164 3836 1286 3922 gleich-

133 3943 255 4028 lormig
277 3943 359 4018 sind,
383 3942 524 4007 deneben
547 3942 705 4007 iederman
729 3937 862 4027 kdndig,
885 3944 950 4008 und
973 3943 1063 4008 mehr
1085 3943 1168 4006 donn
1186 3941 1286 4006 offen·

134 4048 281 4124 borist,
316 4045 424 4112 wohin
456 4046 517 4110 alle
544 4046 622 4132 ding
644 4046 815 4131 gerathen,
849 4047 997 4112 sintemal
1020 4049 1053 4112 in
1076 4047 1286 4132 obgemeltem

132 4153 265 4218 kirchen
290 4152 451 4237 regiment
471 4152 548 4216 eben
572 4151 627 4216 due
649 4152 808 4236 widerspil
841 4152 990 4238 gehalten
1029 4154 1120 4230 wirt,
1155 4153 1220 4217 und
1243 4152 1287 4216 im

132 4258 253 4324 brauch
275 4257 329 4321 ist
373 4255 441 4320 Hau
462 4256 536 4320 aber
559 4257 614 4321 das
636 4259 686 4321 ein
709 4257 791 4322 Heid
814 4265 932 4342 mdgen
954 4258 1049 4324 sehen
1073 4258 1138 4323 und
1161 4257 1286 4334 rathen,

132 4385 168 4428 so
190 4364 250 4428 ists
269 4363 307 4446 ja
330 4360 493 4428 leichtlich
515 4364 768 4443 nuszurechnen,
790 4386 854 4430 was
878 4387 952 4429 man
975 4367 1014 4430 nh
1036 4366 1197 4450 gewarten
1220 4362 1286 4441 hat,
