3146 4962
807 239 869 302 248

268 415 301 481 et
330 414 364 478 in
392 411 581 477 remittendo
611 410 755 475 hostibus
785 411 860 474 suis.
910 407 1003 474 Unde
1032 407 1130 473 refert
1157 405 1304 486 Valerius
1326 403 1412 470 libro

267 516 331 584 VI⁰
353 517 391 581 de
413 515 546 580 Camillo
568 515 704 592 consule,
728 515 782 598 qui
805 535 876 579 cum
901 513 1039 579 Faliscos
1060 511 1228 589 obsideret,
1258 509 1411 595 magister

267 621 335 686 ludi
357 619 569 685 nobilissimos
591 641 698 684 omnes
721 641 834 704 pueros
856 619 984 683 illorum
1011 618 1045 682 in
1068 621 1170 682 castra
1193 615 1411 680 Romanorum

269 725 434 811 perduxit,
464 747 521 809 pro
552 726 666 809 quibus
693 745 757 788 non
788 729 857 789 erat
887 723 1036 800 dubium,
1067 722 1145 805 quin
1173 719 1223 784 illi
1253 725 1358 784 essent
1380 741 1414 784 se

244 830 353 914 eipsos
384 830 444 914 ipsi
475 829 657 913 imperatori
685 829 845 893 tradituri.
899 826 1051 892 Camillus
1082 830 1187 892 autem
1218 846 1281 890 non
1309 824 1413 889 solum
1548 863 1549 866 =

272 935 354 1000 hanc
375 935 495 1020 sprevit
516 934 698 1020 perfidiam,
728 935 780 998 sed
802 934 969 1018 praecepit,
1002 937 1038 998 ut
1061 932 1151 1016 pueri
1173 929 1313 995 vinctum
1344 950 1414 993 ma·

273 1040 410 1126 gistrum
432 1040 530 1125 virgis
561 1061 672 1104 caesum
705 1039 744 1104 ad
766 1045 911 1123 parentes
934 1061 1006 1104 snos
1028 1039 1222 1102 reducerent.
1268 1033 1336 1110 Quo
1357 1033 1415 1097 be·

274 1143 385 1209 neficio
408 1143 482 1209 vieti
504 1144 602 1209 animi
626 1165 733 1208 eorum
752 1149 860 1228 portas
876 1143 1026 1209 Romanis
1041 1145 1242 1228 aperuerunt.
1287 1138 1416 1203 Recitat

276 1249 462 1314 Ambrosius
492 1249 526 1313 in
555 1271 678 1315 summa
716 1249 753 1314 de
792 1249 897 1316 officio
930 1250 964 1313 in
994 1247 1158 1314 chronicis
1187 1245 1415 1324 Romanorum,

236 1377 262 1411 ιο
275 1376 346 1420 cum
377 1355 514 1419 venisset
545 1355 674 1438 quidam
709 1377 868 1434 asserens,
906 1356 988 1440 quod
1026 1354 1213 1419 medicinam
1244 1351 1416 1416 toxicatam

177 1447 181 1458 ’
275 1458 399 1545 Pyrrho
422 1459 560 1525 medicus
583 1459 672 1524 daret
697 1465 729 1525 et
751 1460 797 1524 sie
818 1481 891 1546 rege
913 1462 1039 1526 mortuo
1061 1458 1222 1522 victoriam
1247 1455 1417 1533 obtineret,

271 1563 368 1648 jussit
391 1585 462 1628 eum
486 1561 648 1628 Fabricius
670 1563 765 1648 ligari
788 1563 879 1628 etad
904 1563 1066 1628 dominum
1088 1583 1181 1626 suum
1194 1560 1328 1626 remitti.
1374 1557 1419 1623 Et

276 1667 383 1732 subdit
395 1666 598 1732 Ambrosius:
621 1689 729 1732 revera
750 1667 943 1751 praeclarum,
967 1673 1013 1745 ut,
1036 1667 1091 1752 qui
1114 1666 1243 1730 virtutis
1258 1669 1418 1730 certamen

276 1775 465 1854 susceperat,
489 1771 586 1836 nollet
601 1772 710 1836 fraude
732 1774 863 1837 vincere.
908 1771 999 1838 Tunc
1013 1771 1154 1857 Pyrrhus
1169 1771 1285 1835 dixisse
1299 1770 1417 1835 fertum:

239 1877 338 1941 siste
360 1879 410 1941 est
431 1875 609 1954 Fabricius,
641 1879 695 1961 qui
727 1877 885 1964 difficilius
908 1901 927 1942 a
948 1877 1112 1963 legalitate
1135 1897 1230 1960 quam
1253 1857 1341 1940 sol'a
1362 1895 1419 1938 suo

279 2003 372 2046 cursu
393 1981 493 2046 averti
515 2003 580 2046 non
597 1986 712 2064 posset,
735 1987 767 2047 et
788 1983 833 2047 sic
848 2005 919 2048 cum
940 2003 978 2047 eo
1001 1982 1038 2047 ad
1062 1981 1191 2046 libitum
1208 2001 1317 2064 pacem
1333 2002 1418 2045 com·

278 2087 393 2170 posuit.
447 2085 566 2150 Narrat
594 2085 739 2151 Valerius
769 2088 802 2152 li.
826 2086 890 2174 VI9
915 2110 981 2172 cap.
1005 2086 1126 2170 primo,
1159 2106 1228 2152 cum
1250 2083 1418 2170 Carthagi-

280 2189 437 2256 niensium
466 2190 565 2276 legati
596 2192 634 2256 ad
665 2192 804 2275 captivos
834 2191 1030 2256 redimendos
1060 2191 1094 2255 in
1117 2191 1226 2254 urbem
1249 2191 1419 2267 venissent,

280 2296 426 2382 protinus
455 2294 505 2360 hie
538 2296 626 2360 nulla
656 2296 788 2378 pecunia
817 2300 945 2381 accepta
974 2296 1109 2360 reddunt
1136 2295 1266 2378 juvenes
1288 2315 1419 2359 numero

234 2421 267 2458 uo
281 2398 486 2466 MMDGCXI.
540 2399 678 2465 Tantum
708 2399 848 2465 hostium
880 2401 1050 2466 exercitum
1081 2399 1264 2478 dimissum,
1296 2401 1420 2463 tantam

279 2505 445 2590 pecuniam
476 2508 671 2580 murenam,
712 2509 761 2569 tot
797 2505 921 2588 injuriis
951 2505 1075 2570 veniam
1104 2504 1210 2569 datam
1241 2503 1421 2568 mirandum

281 2614 329 2674 est
350 2610 436 2674 ultre
457 2608 593 2673 modum.
645 2608 726 2674 item
757 2614 866 2674 narrat
898 2607 1043 2674 Valerius
1073 2609 1129 2673 lib.
1162 2605 1225 2671 VI⁰
1260 2629 1327 2693 cap.
1361 2606 1421 2688 11⁰,
1548 2625 1549 2642 ¹

281 2713 364 2798 quod
396 2734 467 2777 oum
501 2712 733 2779 Privernatium
764 2714 910 2808 princeps
943 2718 1054 2798 eaptus
1087 2718 1169 2779 esset
1205 2736 1225 2778 a
1257 2712 1422 2791 Romanis,
1548 2797 1549 2800 Ἴ

281 2817 439 2902 aliquibus
469 2817 506 2881 de
528 2839 583 2882 suo
606 2819 722 2901 populo
744 2818 938 2894 interfectis,
962 2819 1121 2902 aliquibus
1144 2818 1263 2902 captis,
1296 2823 1422 2883 etcum
1548 2857 1549 2902 ι

243 2940 269 2980 2⁵
283 2923 328 2987 eis
351 2921 504 2986 auxilium
535 2921 595 2985 nisi
627 2921 661 2984 in
688 2923 832 3005 precibus
861 2925 1011 3000 restaret,
1038 2923 1102 3002 his,
1127 2924 1182 3008 qui
1204 2924 1288 3007 capti
1321 2929 1420 3000 erant,

284 3026 430 3110 princeps
451 3047 558 3091 eorum
582 3027 812 3112 iuterrogatus,
840 3049 935 3111 quam
957 3032 1130 3093 mereretur
1153 3049 1279 3111 poenam
1303 3028 1370 3111 ipse
1391 3032 1423 3092 et

285 3130 344 3209 sui,
367 3131 544 3224 respondit:
567 3131 654 3195 illem
679 3154 773 3217 quam
795 3136 955 3196 merentur
977 3133 1036 3212 illi,
1060 3133 1114 3217 qui
1137 3154 1170 3197 se
1193 3133 1305 3218 dignos
1329 3132 1424 3198 liber-

285 3240 352 3300 tate
368 3235 521 3318 judicant.
568 3235 701 3300 Etcum
724 3237 839 3301 iterum
861 3243 1053 3321 quareretur
1077 3238 1117 3302 ab
1139 3259 1186 3316 eo,
1209 3238 1334 3321 qualem
1355 3261 1425 3304 cum

285 3340 325 3404 iis
346 3361 454 3424 pacem
465 3339 601 3405 Romani
617 3340 757 3406 habituri
774 3347 879 3407 essent
893 3341 1086 3426 impunitate
1099 3343 1225 3420 donata,
1242 3347 1426 3409 constanter

247 3465 272 3502 ³⁰
286 3444 465 3528 respondit:
495 3447 521 3509 si
544 3445 658 3510 bonam
682 3447 840 3525 dederitis,
864 3468 971 3530 pacem
994 3451 1178 3532 perpetuam
1201 3447 1377 3526 habebitis,
1400 3449 1427 3513 si

157 3583 163 3596 ·
287 3551 412 3628 malam,
436 3570 498 3614 non
522 3548 713 3614 diuturnam.
760 3549 827 3625 Qua
849 3571 924 3616 voce
945 3549 1066 3616 factum
1092 3557 1159 3629 est,
1188 3556 1226 3617 ut
1247 3553 1340 3617 dictis
1363 3574 1427 3618 non

268 3655 385 3719 ¹solum
409 3655 509 3734 venia,
532 3654 586 3718 sed
605 3655 657 3738 jus
679 3659 711 3719 et
733 3654 918 3720 beneficium
941 3651 1093 3722 Romanae
1113 3657 1252 3722 civitatis
1282 3659 1427 3737 duratum

285 3759 364 3823 faeti
386 3760 472 3823 enim
494 3763 585 3824 erant
607 3759 689 3824 cives
712 3759 857 3824 Romani.

582 3931 640 3998 De
661 3933 782 3998 lauro
805 3938 952 4013 nauta,
977 3933 1050 4000 dial.
1075 3939 1125 3999 99.

250 4095 275 4132 cs
378 4072 499 4138 Laurus
522 4076 571 4138 est
592 4071 709 4137 animal
733 4077 797 4137 tam
829 4073 862 4136 in
885 4079 971 4139 terra
994 4095 1086 4157 quarn
1111 4074 1145 4138 in
1168 4096 1250 4157 aqua
1271 4074 1429 4156 habitans,

165 4213 169 4223 ·
290 4179 378 4245 volat
410 4179 494 4243 enim
526 4182 558 4243 et
588 4182 678 4242 natat
711 4183 747 4243 ut
777 4179 881 4262 piscis.
927 4178 1005 4244 Avis
1035 4183 1082 4244 est
1105 4201 1202 4263 parva
1230 4183 1263 4243 et
1284 4180 1378 4262 nigra
1398 4185 1431 4246 et

290 4284 419 4370 pinguis
442 4305 563 4367 semper
585 4281 733 4348 habitans
752 4284 845 4367 juxta
860 4307 967 4368 aquas,
992 4307 1049 4350 nec
1072 4289 1176 4371 potest
1197 4285 1292 4371 longe
1314 4285 1429 4353 volare.
