3172 4958
801 281 842 344 '12

247 459 313 524 trix
335 455 458 522 avicula
480 455 562 520 mole
585 454 717 533 modica,
741 454 795 519 sed
810 453 941 520 audacia
963 457 995 519 ct
1009 451 1190 520 hostilitate
1204 451 1403 538 permaxima

248 562 389 648 soporati
411 562 554 646 patentia
576 563 695 628 vmcera
717 562 874 641 introivit,
898 581 1031 645 cumque
1052 558 1146 646 ligati
1170 559 1257 625 nube
1278 556 1404 624 somni-

249 671 317 736 fera
340 689 449 732 sensus
473 671 583 746 erant,
612 671 776 732 armatura
798 667 934 746 sublata,
957 670 1109 750 peracuto
1118 669 1221 730 rostro
1243 663 1329 728 nuda
1352 661 1403 726 vi-

250 773 329 840 talia
351 795 407 837 nec
423 773 469 837 sic
485 773 651 838 excitanda
673 771 784 836 hostib
807 771 918 836 mortis
940 791 1049 834 morsu
1063 767 1187 846 ferivit;
1214 769 1288 833 data
1306 787 1405 851 super

224 897 322 944 acum
345 877 559 942 damnationis
581 877 741 942 sententia
763 876 883 960 prodiit
905 877 981 940 laesa
995 874 1128 939 minime
1143 896 1180 939 ac
1195 876 1405 958 prospectans

252 983 372 1048 exitum
395 982 472 1046 facti
494 1004 599 1065 penna
621 982 712 1049 stetit
738 981 869 1065 desuper
889 981 995 1065 judex.
1041 979 1178 1044 Demum
1210 999 1280 1043 cum
1311 976 1406 1041 tarde

253 1088 285 1153 vi
308 1086 425 1152 doloris
457 1087 592 1152 adducta
623 1086 735 1172 vigilia
763 1086 820 1150 leti
849 1088 980 1150 moestus
1009 1105 1137 1168 poenam
1156 1085 1224 1168 jam
1247 1080 1406 1146 inflictam

252 1193 402 1270 sentiret,
431 1213 553 1256 sursum
587 1190 753 1255 inimicum
786 1189 962 1274 adspiciens
994 1189 1225 1273 querimoniam
1247 1186 1342 1270 petiit
1364 1185 1406 1250 ad

251 1295 424 1360 vindictam
456 1318 521 1361 uon
550 1295 675 1361 valens:
710 1295 804 1379 quid,
838 1293 1012 1378 scrophile,
1044 1293 1185 1378 peccavit
1216 1290 1407 1358 cocodrillus

164 1407 168 1417 ’
213 1421 238 1458 1⁰
251 1401 322 1479 tibi,
346 1401 429 1485 quod
445 1405 500 1466 tuo
515 1404 608 1484 pastu
618 1422 681 1466 non
698 1404 876 1478 contentus,
892 1399 956 1463 imo
967 1398 1070 1464 factus
1088 1397 1220 1462 debono
1237 1395 1406 1480 pessimus,

252 1505 407 1591 paulatim
431 1505 594 1570 manantia
614 1505 731 1570 viscera
755 1509 819 1568 tarn
843 1503 1012 1569 crudeliter
1034 1507 1067 1568 et
1088 1503 1228 1568 letaliter
1250 1500 1407 1566 laniasti?

253 1609 299 1673 At
321 1609 376 1673 ubi
399 1609 432 1672 in
455 1609 596 1692 patiente
620 1609 713 1693 culpa
735 1630 799 1673 non
822 1611 887 1686 eet,
916 1606 1058 1692 prolecto
1081 1610 1129 1672 est
1152 1606 1186 1670 in
1210 1608 1324 1690 agente
1347 1626 1407 1669 ne-

254 1714 365 1799 quitia.
411 1713 469 1778 Oui
493 1713 546 1778 ille
569 1714 750 1798 respoudit:
785 1715 812 1778 si
841 1712 1018 1779 communis
1052 1713 1101 1776 est
1121 1709 1269 1776 omnibus
1303 1709 1409 1774 amica

216 1801 222 1810 ’
251 1818 387 1903 justitia,
406 1817 493 1900 juste
515 1822 599 1884 certe
622 1839 693 1882 reus
716 1818 907 1896 estcunctis,
932 1817 987 1900 qui
1003 1815 1163 1899 aliquibus
1180 1813 1296 1880 nocuit.
1343 1811 1408 1878 Sed

215 1945 240 1982 rs
255 1927 287 1989 et
309 1925 424 2007 praeter
447 1921 506 1986 hoc
527 1922 719 1988 insatiabilis
742 1923 927 2008 cupiditatis
950 1922 1157 2005 depravatum
1179 1917 1340 2004 exemplar
1353 1921 1407 1981 to-

254 2032 325 2092 tum
346 2031 378 2090 te
400 2027 545 2112 voragini
570 2028 723 2106 tribuisti,
748 2028 821 2093 dum
846 2050 910 2093 non
932 2028 1097 2092 obstructo
1120 2046 1184 2102 ore,
1207 2023 1297 2108 quasi
1321 2044 1407 2086 nun-

255 2151 351 2215 quam
374 2130 489 2195 satiata
501 2131 651 2217 ingluvie,
676 2133 804 2211 dormis,
828 2133 903 2198 dum
914 2133 1044 2198 latiores
1061 2151 1184 2196 morsus
1199 2128 1406 2206 conveniunt,

254 2233 427 2300 tenacitate
449 2233 596 2302 horribili
619 2237 760 2321 stipante
781 2259 813 2302 ae
836 2238 979 2302 dentium
1002 2237 1091 2316 serie,
1114 2239 1147 2299 et
1170 2235 1327 2319 unguium
1345 2233 1408 2296 im-

255 2339 411 2404 manitate
433 2342 584 2420 armaris,
616 2342 691 2406 dum
722 2343 833 2427 lingua
861 2341 1017 2408 vorabilis
1035 2339 1181 2424 judicans
1205 2338 1266 2404 tibi
1288 2337 1407 2416 delicit,

217 2466 242 2504 a>
257 2447 340 2530 quia,
364 2446 533 2514 dummodo
555 2450 714 2534 repleatur
733 2449 907 2527 voracitas,
934 2447 1040 2533 qualia
1062 2443 1216 2530 rapueris,
1240 2463 1408 2526 nunquam

256 2551 416 2616 discernis.
445 2551 490 2616 At
505 2554 659 2638 superiori
668 2553 874 2640 singulariter
882 2552 1034 2618 horrendi
1048 2551 1113 2617 oris
1128 2550 1250 2614 elevata
1262 2546 1404 2626 maxilla,

256 2655 449 2739 quassatrice
471 2659 586 2742 capitis
609 2658 791 2742 cupiditate,
816 2657 1044 2743 siccupiditate
1067 2656 1244 2720 excecante
1266 2652 1407 2736 pruden-

185 2829 195 2846 ,
257 2759 345 2837 tiam,
370 2762 581 2843 tempestaris.
627 2762 773 2846 Dumque
796 2763 870 2827 miri
880 2761 1006 2828 corticis
1028 2757 1210 2824 invincibili
1224 2761 1314 2822 scuto
1332 2777 1408 2821 ava-

256 2862 365 2926 ritiam
395 2862 440 2928 sic
473 2863 657 2931 divitiarum
687 2867 860 2932 tenacitate
890 2865 968 2930 foris
999 2865 1164 2950 designate
1194 2861 1348 2927 vallatam
1370 2861 1407 2925 in

218 2987 244 3026 aa
257 2967 477 3051 apparentiam
500 2973 627 3034 tautum
650 2969 808 3049 indueris,
838 2973 929 3053 parte
953 2968 1156 3034 mollescente
1184 2965 1294 3043 vitali,
1320 2965 1409 3048 juste

257 3071 358 3156 igitur
381 3093 466 3137 nunc
488 3074 587 3138 sentis
610 3072 760 3152 dolorem,
784 3074 932 3140 tristibus
954 3095 973 3138 a
993 3072 1153 3157 delphinis
1176 3091 1248 3136 cum
1271 3068 1408 3135 elicieris

257 3173 297 3240 ad
319 3176 497 3241 natandum
519 3179 628 3243 subter
650 3179 837 3245 natantibus
860 3179 898 3243 de
920 3177 997 3242 foris
1013 3175 1186 3253 intestinis,
1209 3177 1321 3259 aperto
1336 3195 1410 3238 cum

258 3280 376 3345 dormis
398 3301 536 3366 corpore.
583 3283 636 3348 Me
658 3282 814 3367 siquidem
837 3283 1040 3348 subintrante
1061 3281 1220 3363 scissaque
1251 3279 1339 3343 intus
1360 3276 1411 3341 vi·

258 3384 337 3450 talia
352 3387 467 3470 perdis,
492 3392 538 3468 ut,
562 3389 825 3473 quemadmodum
840 3410 945 3473 pravae
960 3386 1094 3454 actionis
1109 3383 1279 3469 cupiditati
1295 3382 1412 3447 dedisti

219 3513 245 3550 ao
259 3488 405 3569 formam,
428 3492 584 3576 passionis
597 3492 711 3558 debitae
734 3495 762 3558 ei
778 3495 825 3558 ita
839 3492 960 3576 pandas
975 3491 1143 3556 miseriem.
1189 3486 1241 3553 Sic
1256 3488 1411 3554 nimirum

259 3593 391 3677 cupidus
412 3597 515 3682 magis
537 3597 655 3662 evomit
677 3619 773 3682 quam
796 3596 951 3661 exhausit.
997 3594 1115 3660 Nullus
1139 3593 1224 3658 enim
1248 3593 1321 3677 plus
1337 3613 1410 3678 per-

259 3697 341 3763 didit
363 3721 457 3782 quam
488 3703 543 3786 qui
573 3703 776 3785 semetipsum
805 3699 922 3766 amisit.
970 3699 1021 3762 An
1044 3699 1191 3784 ignoras,
1224 3699 1307 3783 quod
1338 3702 1412 3782 post

258 3802 393 3869 Darium
415 3804 562 3883 maximo,
586 3827 658 3870 eum
674 3803 850 3870 Democriti
879 3803 1082 3890 preceptoris
1104 3804 1154 3867 sui
1176 3801 1359 3886 opinionem
1381 3803 1413 3868 ei

248 3928 363 3978 ,comes
385 3907 593 3992 Ausquardus
615 3909 760 3994 exposuit
781 3910 819 3975 de
838 3908 1024 3994 pluralitate
1040 3907 1239 3986 mundorum,
1255 3907 1411 3993 gemitum

221 4033 246 4072 ss
261 4012 394 4077 donanti
417 4013 580 4080 Macedoni
604 4015 803 4082 Alexandro:
834 4016 896 4080 heu
919 4037 982 4094 me,
1013 4014 1087 4099 quia
1109 4015 1182 4097 post
1211 4016 1260 4078 tot
1288 4013 1412 4078 labores

261 4117 385 4182 invidos
407 4117 580 4203 letalesque
603 4141 691 4185 casus
714 4120 857 4186 nondum
879 4141 988 4184 eorum
1010 4119 1133 4204 potitus
1156 4139 1225 4183 sum
1248 4119 1336 4184 uno?
1362 4117 1412 4183 Ae

261 4219 289 4283 si
300 4220 453 4287 vanitatis
469 4223 591 4303 auditu,
615 4225 787 4309 cupiditate
810 4228 972 4310 concepta,
991 4223 1058 4308 jam
1080 4223 1120 4288 ad
1144 4223 1223 4290 alios
1245 4222 1411 4290 anhelanti
