3172 4962
794 293 857 357 1⁷0

249 469 368 530 tanam.
413 464 489 542 Quae
512 465 718 530 nullomodo
743 463 913 531 sanitatem
936 465 995 531 filii
1027 467 1227 546 inveniebat,
1263 489 1335 534 cum
1364 469 1398 534 in

249 568 379 634 medicis
400 575 433 634 et
455 569 619 635 medicinis
641 570 780 654 plurima
802 571 1019 654 expendisset,
1049 572 1164 636 idcirco
1194 573 1323 638 taediata
1344 594 1398 638 ex·

249 673 365 756 pensis,
388 675 426 738 ad
450 673 633 740 Macerem¹
663 675 752 738 venit
783 674 906 739 dicens:
936 674 1066 740 circuivi
1090 675 1201 741 coelum
1226 681 1259 742 et
1281 681 1398 742 terram

248 782 281 842 et
302 778 519 862 perambulavi
542 801 612 844 eam
645 800 700 844 nec
729 779 838 843 inveni
868 779 1009 862 requiem
1039 779 1107 844 filio
1136 802 1223 858 meo,
1254 802 1339 846 nunc
1368 785 1400 846 ts

221 883 376 948 alaudem
401 883 520 968 reperi:
544 905 582 948 ex
605 906 667 967 quo
690 905 766 969 ergo
788 887 821 948 te
843 884 951 948 inveni
974 905 1127 969 magnum
1150 885 1326 972 medicum,
1350 886 1398 951 id-

247 988 329 1052 circo
351 991 467 1070 praeta
488 989 656 1054 consilium
679 997 712 1054 et
734 989 890 1054 auxilium
911 988 1011 1066 mihi,
1043 994 1077 1054 ut
1110 993 1222 1054 natum
1251 1011 1357 1056 meum
1380 1013 1400 1054 a

247 1091 357 1156 morbo
381 1093 585 1176 quartanario
607 1093 742 1159 liberare
766 1094 893 1177 possim.
940 1093 1047 1160 Macer
1069 1097 1193 1170 autem,
1222 1099 1260 1159 ut
1283 1096 1320 1160 de
1342 1117 1399 1160 suo

246 1217 340 1262 causa
363 1218 437 1262 vera
460 1197 673 1275 inveniretur,
707 1198 770 1264 ait:
804 1201 941 1282 quatuor
973 1198 1093 1263 radices
1123 1198 1321 1285 plantaginis
1347 1201 1398 1263 in-

247 1302 379 1378 sumite,
413 1307 497 1366 certe
523 1308 680 1387 quartana
702 1304 768 1369 oito
791 1303 962 1368 curabitur.
1009 1302 1108 1368 Simia
1130 1310 1237 1370 autem
1259 1305 1320 1370 hoc
1341 1329 1398 1370 au·

210 1433 235 1473 10
248 1406 337 1470 diens
359 1427 454 1490 quam
478 1407 542 1472 cito
564 1409 754 1474 medicinam
777 1407 921 1475 condidit
942 1412 975 1472 et
989 1407 1090 1473 filium
1107 1409 1257 1474 liberavit
1271 1411 1396 1476 dicans:

249 1511 377 1576 doctum
400 1511 556 1576 medicum
579 1534 765 1596 quaeramus,
789 1513 817 1576 si
840 1513 1011 1579 sanitatem
1033 1519 1245 1599 peroptamus.
1291 1513 1343 1580 Sic
1365 1523 1399 1580 et

249 1637 316 1696 nos,
340 1617 369 1681 si
391 1617 526 1682 salutem
549 1618 727 1684 animarum
750 1623 931 1683 nostrarum
954 1619 1175 1698 desideramus,
1202 1621 1398 1686 sacerdotem

247 1726 280 1787 et
302 1723 513 1790 confessorem
535 1723 662 1788 doctum
686 1723 823 1807 reperire
845 1744 1065 1807 procuremus,
1096 1724 1151 1810 qui
1174 1745 1232 1789 nos
1254 1724 1334 1790 sciat
1356 1724 1396 1788 li-

246 1850 322 1913 gare
345 1831 378 1893 et
400 1829 530 1893 solvere.
576 1826 645 1894 Hoc
666 1828 751 1893 enim
785 1849 878 1914 agere
908 1828 1020 1907 debes,
1053 1832 1090 1892 ut
1118 1828 1254 1893 salutem
1282 1829 1398 1894 animae

208 1961 234 1999 aa
248 1933 349 2018 possis
371 1933 524 1998 invenire.
571 1932 652 2009 Quia
674 1933 752 1998 dicit
778 1933 932 1998 isidorus:
955 1934 1059 1998 omnis
1082 1939 1227 2018 peccator
1249 1956 1305 2018 per
1328 1955 1396 2018 poa-

249 2038 426 2122 nitentiam
444 2039 559 2124 recipit
583 2038 723 2103 vulneris
746 2038 925 2104 sanitatem.
971 2036 1031 2102 Sed
1054 2039 1226 2104 secundum
1249 2039 1396 2104 morbum

249 2142 426 2208 adhibenda
448 2148 496 2208 est
518 2143 675 2210 medicina
697 2147 729 2207 et
748 2144 840 2227 juxta
862 2143 1001 2207 vulneris
1017 2143 1203 2227 qualitatem
1219 2141 1397 2208 adhibenda

247 2252 324 2312 sunt
345 2249 491 2315 remedia.
539 2249 638 2314 Prout
660 2249 789 2335 legitur,
814 2249 898 2332 quod
921 2249 1051 2333 quidam
1073 2249 1186 2333 piratas
1210 2249 1243 2313 ln
1260 2253 1395 2332 tempes-

248 2356 315 2416 tate
338 2354 435 2438 positi
457 2358 622 2432 voverunt,
646 2355 673 2418 si
696 2355 874 2430 evaderent,
899 2353 1052 2430 confiteri,
1076 2358 1109 2419 et
1130 2354 1296 2419 evadentes
1319 2375 1397 2417 con·

208 2483 235 2521 ao
249 2456 324 2522 fessi
346 2464 422 2524 sunt
444 2459 566 2524 cuidam
591 2459 761 2526 heremita.
810 2462 950 2538 Quorum
982 2458 1134 2542 magister
1164 2479 1234 2522 cum
1265 2459 1396 2522 confite·

246 2571 336 2628 retur
357 2568 390 2628 et
411 2564 452 2628 ob
474 2563 598 2649 flagitia
619 2563 776 2628 heremita
793 2563 855 2627 sibi
871 2562 1062 2648 injungeret,
1086 2567 1123 2626 ut
1137 2562 1199 2626 iret
1215 2563 1253 2626 ad
1269 2584 1395 2645 papam,

246 2667 433 2734 heremitam
456 2668 589 2746 occidit,
621 2672 655 2733 at
680 2670 719 2733 ad
742 2668 912 2734 secundum
937 2665 1149 2732 confessorem
1171 2667 1288 2732 vadens
1310 2667 1397 2733 huno

245 2771 342 2836 etiam
366 2772 489 2836 oceidit.
536 2772 664 2837 Tertius
685 2777 801 2850 autem,
826 2772 877 2838 cui
899 2771 1058 2838 confessus
1076 2775 1134 2848 est,
1157 2771 1308 2836 tractavit
1323 2793 1396 2836 eum

246 2876 361 2940 blande
382 2881 424 2954 et,
448 2899 520 2941 cum
542 2899 606 2942 non
630 2881 737 2962 posset
759 2877 898 2942 emolliri
921 2898 978 2942 neo
1001 2875 1093 2940 evelli
1115 2875 1285 2952 amalitia,
1309 2874 1396 2939 velut
1517 2881 1519 2886 “

205 3004 231 3044 aa
246 2980 387 3064 optimus
410 2981 549 3046 medicus
570 2981 756 3061 animarum¹
772 2982 799 3046 ei
823 2981 974 3066 injunxit,
1002 2985 1038 3044 ut
1050 2981 1173 3057 saltem,
1197 3001 1269 3044 cum
1291 3001 1395 3044 more-

244 3090 341 3162 retur,
365 3085 480 3168 aliquis
503 3092 635 3169 poneret
656 3109 726 3150 eum
750 3086 783 3149 in
808 3086 980 3170 sepultura.
1027 3085 1090 3162 Qui
1113 3085 1266 3170 cogitans,
1290 3084 1394 3168 qualis

245 3190 372 3255 futurus
394 3197 476 3256 esset
498 3196 530 3258 et
553 3215 648 3278 quam
670 3194 734 3258 cito
755 3194 847 3256 fieret
869 3193 931 3257 sibi
952 3191 1064 3270 simile,
1089 3191 1157 3256 haec
1178 3212 1261 3274 saepe
1275 3189 1395 3254 faciens

245 3299 277 3358 et
293 3296 331 3360 de
354 3302 455 3362 morte
470 3298 615 3384 cogitans
630 3298 664 3362 in
680 3298 793 3362 melius
809 3297 968 3362 ordinavit
983 3300 1102 3360 statum
1117 3317 1209 3360 suum
1233 3299 1265 3360 et
1288 3294 1323 3358 in
1337 3294 1394 3358 he·

244 3422 332 3464 remo
355 3402 562 3467 arctissimam
584 3401 915 3486 poeniteutiamiecit.
961 3401 1053 3466 Unde
1077 3400 1198 3486 glossa:
1223 3398 1304 3462 nihil
1321 3401 1393 3462 tan-

204 3527 229 3564 ao
244 3509 314 3569 tum
336 3507 421 3570 valet
443 3508 482 3571 ad
506 3507 662 3572 domanda
683 3508 787 3572 earnis
810 3506 965 3572 desideria
987 3527 1082 3589 quam
1110 3525 1259 3589 pensare,
1291 3503 1395 3586 qualis

244 3611 288 3674 sit
309 3631 394 3674 mors
417 3613 481 3675 tua.

505 3783 562 3849 De
584 3783 766 3848 verbena
789 3789 829 3849 et
851 3784 965 3868 lupo,
989 3783 1064 3881 dial.
1088 3785 1138 3846 30.

332 3926 437 3990 Macer
460 3925 546 4002 dicit,
570 3927 663 4009 quod,
686 3924 862 4009 siquando
885 3923 995 3988 visitas
1018 3922 1195 4000 infirmum,
1219 3920 1395 4006 portaveris

247 4031 415 4096 verbenam
439 4035 472 4094 et
493 4029 673 4114 quaesiveris
696 4031 736 4095 ab
758 4051 812 4107 eo,
841 4029 997 4113 quomodo
1019 4031 1067 4092 est
1090 4027 1170 4104 sibi,
1203 4027 1230 4090 si
1255 4025 1322 4110 ipse
1344 4047 1393 4090 re-

204 4136 395 4222 respondet:
419 4135 499 4200 bens
521 4139 570 4199 est
592 4134 683 4213 mihi,
707 4134 787 4200 bane
804 4135 923 4213 evadet,
947 4134 1017 4198 etsi
1040 4131 1173 4197 dixerit:
1197 4129 1295 4208 male,
1327 4151 1392 4195 non

808 4255 826 4294 *

314 4360 328 4415 1
348 4357 473 4414 Andere:
491 4357 625 4413 Macrum.
