3044 4956
851 321 893 382 48

292 493 405 571 tiones,
428 514 490 578 quo
512 494 692 577 spectarent
716 495 748 557 et
770 494 923 575 quantam
947 493 1051 556 essent
1073 489 1174 575 ipsius
1196 511 1295 576 regno
1317 493 1349 556 et
1364 490 1445 556 aulae

292 599 411 664 cladem
434 597 583 674 allaturi,
617 597 727 661 statim
753 595 935 680 praesensit,
960 617 1023 658 non
1048 599 1114 658 tam
1137 595 1205 678 ipso
1227 617 1322 678 quam
1345 595 1444 679 ipsius

293 707 467 788 praeceptor
489 707 522 766 et
551 701 748 779 moderator,
779 701 821 776 is,
854 701 942 783 cujus
971 720 1031 782 ope
1062 703 1094 764 et
1126 699 1259 764 oonsilio
1290 699 1443 786 sublasstus

292 808 409 886 humo,
449 807 484 871 in
520 808 645 870 tantam
683 827 715 870 sc
753 803 922 869 diffuderat
958 803 1208 886 amplitudinem.
1270 802 1357 870 Idem
1394 805 1446 870 hic

293 915 467 998 praeceptor
502 908 769 991 consiliorumque
803 911 907 973 rector
937 907 1001 972 alia
1034 928 1157 991 quoque
1190 909 1337 992 praesidia
1368 910 1443 974 sub·

293 1016 505 1092 ministrabat,
529 1036 547 1079 e
569 1013 683 1097 quibus
706 1012 787 1078 illud
809 1018 857 1078 est
880 1013 1048 1078 admodum
1072 1012 1214 1091 illustre,
1247 1015 1330 1097 qnod
1354 1037 1443 1080 man·

294 1121 349 1186 dat
371 1119 570 1196 hominibus,
601 1122 638 1182 ut
667 1138 731 1182 non
755 1117 847 1182 modo
871 1138 935 1181 non
957 1117 1067 1203 legant
1099 1139 1228 1182 suorum
1250 1119 1444 1184 adversario-

292 1247 363 1290 rum
398 1225 515 1302 libros,
548 1222 756 1288 verumetiam
785 1244 826 1287 ne
853 1220 960 1287 Biblia
989 1221 1115 1306 quidem
1149 1222 1226 1306 ipse.
1273 1223 1351 1300 Quis
1381 1223 1444 1302 hic,

293 1330 377 1409 cedo,
400 1333 510 1394 tantus
533 1331 581 1392 est
602 1327 715 1392 furor?
755 1326 951 1410 Scripturam
974 1327 1081 1412 regius
1102 1325 1258 1411 propheta
1280 1332 1371 1392 vocat
1393 1328 1445 1392 lu-

292 1457 419 1501 cernam
441 1456 477 1499 ac
498 1433 596 1499 veluti
619 1431 720 1498 facem
745 1432 778 1496 in
801 1431 941 1498 tenebris
963 1433 1195 1514 praelucentem.
1236 1431 1327 1496 Hunc
1342 1433 1444 1515 ipsam

292 1539 394 1604 facem
416 1541 611 1625 praeonntem
633 1537 735 1614 nobis,
760 1559 822 1620 qua
845 1536 932 1601 nullo
956 1560 1097 1623 unquam
1121 1542 1263 1621 tempore
1278 1559 1444 1620 possumus

294 1666 407 1724 carere,
432 1644 542 1708 multis
564 1649 639 1708 ante
661 1641 783 1708 saeculis
806 1647 838 1707 et
860 1643 1040 1710 extinxerat
1062 1643 1132 1721 iste,
1156 1647 1189 1706 et
1211 1664 1296 1708 nunc
1317 1648 1443 1726 posteo-

294 1770 388 1833 quam
411 1748 568 1836 singulari
590 1753 623 1813 ct
644 1748 851 1814 inenarrabili
873 1748 1026 1814 beneficio
1049 1748 1109 1812 Dei
1131 1748 1233 1833 patris
1256 1749 1373 1814 iterum
1395 1753 1445 1814 est

292 1875 422 1920 occense
444 1854 554 1932 nobis,
587 1855 689 1920 denuo
711 1858 844 1920 conatur
866 1855 1013 1920 omnibus
1045 1855 1146 1920 modis
1176 1854 1369 1939 deprimere,
1404 1877 1445 1921 ne

292 1957 411 2036 luceat,
434 1957 572 2041 adeoque
594 1957 666 2023 vult
687 1962 720 2023 et
743 1959 882 2037 mandat,
907 1963 943 2023 ut
964 1958 1069 2043 ipsum
1092 1963 1266 2042 sequantur
1287 1959 1443 2039 homines,

292 2083 350 2126 nec
373 2061 413 2126 ab
435 2061 502 2145 ejus
524 2062 674 2128 aberrent
695 2064 856 2148 vestigiis,
888 2063 1014 2128 etiarnsi
1043 2064 1136 2129 ducat
1160 2064 1192 2128 in
1216 2064 1437 2148 precipitium.

291 2167 343 2232 Sic
365 2167 450 2232 enim
473 2167 592 2232 habent
614 2169 681 2253 ejus
704 2167 829 2233 decreto
850 2169 943 2234 claris
967 2173 1000 2234 et
1021 2169 1148 2234 dnertis
1169 2169 1283 2236 verbis.
1325 2167 1444 2244 Quam·

291 2272 345 2336 diu
368 2293 503 2358 regnum
525 2272 591 2356 ejus
613 2272 737 2349 floruit,
770 2273 851 2338 nihil
879 2277 948 2338 erat
972 2274 1137 2352 sollicitus,
1169 2295 1226 2339 nec
1252 2295 1392 2359 unquam
1415 2274 1444 2338 ei

293 2376 441 2443 veniebat
463 2378 496 2443 in
519 2382 668 2456 mentem,
701 2383 736 2444 ut
762 2400 858 2444 sacrae
880 2379 1046 2463 scripturae
1076 2379 1242 2444 lectionem
1272 2377 1443 2456 inhiberet,

292 2482 380 2567 eujus
404 2483 700 2566 interpretationem
730 2487 762 2548 et
798 2484 1055 2569 dijudicationem
1090 2505 1199 2549 omnes
1234 2483 1274 2548 ab
1296 2483 1365 2567 ipso
1387 2505 1443 2567 pe·

858 2604 877 2642 ἢ

292 2689 364 2772 [22]
399 2690 483 2754 Tant
512 2713 573 2776 qna
598 2713 656 2756 eon
683 2713 780 2778 regne
801 2715 821 2757 a
842 2694 908 2758 esto
931 2715 970 2758 en
997 2693 1096 2772 fleur,
1129 2692 1153 2757 il
1176 2713 1215 2756 ne
1241 2713 1273 2755 se
1299 2691 1442 2769 soucioit,

291 2798 324 2858 et
338 2814 379 2858 ne
393 2815 492 2876 pensa
510 2816 629 2878 onques
644 2796 682 2860 de
704 2795 852 2861 defendre
874 2796 906 2860 la
928 2796 1046 2862 lecture
1065 2798 1103 2862 de
1115 2795 1297 2862 l'Fscriture
1309 2796 1440 2873 saincte,

291 2919 349 2981 par
364 2919 399 2962 ee
414 2919 475 2981 qne
490 2904 561 2964 tous
588 2905 777 2984 recevoyent
791 2922 849 2966 son
872 2901 1117 2985 interpretation
1130 2907 1162 2967 et
1172 2902 1269 2979 odvia,
1292 2901 1436 2986 signam·

858 3024 875 3062 *

291 3108 385 3192 [136]
415 3107 554 3176 Mientra
580 3133 641 3195 que
667 3133 705 3176 su
721 3112 832 3196 Reyno
855 3111 990 3192 florecia,
1013 3132 1055 3176 no
1083 3111 1170 3176 tenia
1189 3115 1290 3175 temor
1317 3111 1356 3174 do
1383 3133 1442 3175 na·

292 3213 349 3292 da,
383 3213 417 3278 ni
439 3237 545 3280 nunca
567 3215 597 3280 le
619 3238 710 3300 passo
741 3238 799 3302 por
823 3218 852 3282 el
886 3217 1103 3301 pensamiento
1131 3216 1169 3280 de
1199 3215 1346 3281 defendor
1381 3238 1444 3299 que

292 3339 334 3383 no
349 3339 382 3383 se
408 3318 526 3404 leycese
558 3320 590 3384 la
618 3323 754 3408 sagrada
780 3321 982 3406 Escriptura,
1004 3343 1125 3406 parque
1147 3321 1237 3386 todos
1259 3321 1307 3386 los
1329 3343 1391 3405 que
1412 3323 1444 3386 la

292 3423 396 3508 leyen,
420 3447 481 3508 que
502 3447 577 3490 eran
601 3449 677 3513 mny
695 3449 799 3511 pooos,
823 3451 843 3513 y
868 3450 932 3494 aun
963 3449 1030 3492 mas
1059 3447 1153 3512 pocos
1179 3427 1226 3490 los
1258 3426 1372 3508 quola
1396 3431 1444 3490 te-

858 3549 875 3586 ἡ

292 3633 403 3712 buret,
437 3635 501 3698 und
524 3635 703 3700 dermassen
727 3636 867 3702 erkannt
894 3638 954 3716 ist,
990 3637 1045 3702 das
1068 3659 1102 3701 er
1124 3659 1191 3701 nun
1213 3633 1375 3702 hiofdrter
1398 3661 1440 3702 an

292 3739 395 3804 seiner
418 3739 634 3824 gewonlichen
657 3745 793 3826 rdstung
816 3743 880 3807 und
912 3741 1102 3828 gegenwehr
1136 3741 1218 3806 selbs
1247 3741 1443 3806 verzweiflen

290 3849 371 3911 mite.
416 3843 457 3909 So
481 3844 546 3908 will
570 3847 614 3908 im
637 3845 781 3910 dennooh
803 3869 864 3911 von
888 3852 984 3912 ndten
1006 3849 1084 3924 sein,
1108 3847 1174 3911 will
1196 3869 1231 3911 er
1253 3847 1366 3912 andere
1391 3848 1443 3912 nit

291 3971 350 4037 gar
370 3949 523 4015 verlieren
549 3971 612 4014 was
635 3971 669 4014 er
690 3951 769 4016 noch
795 3945 904 4036 fibrigs
926 3952 1008 4030 hott,
1030 3952 1095 4015 und
1118 3950 1173 4016 der
1194 3951 1270 4016 welt
1291 3955 1330 4017 ed
1352 3956 1442 4035 spott

290 4055 426 4131 werden,
449 4054 564 4120 andere
586 4055 690 4120 mittet
712 4055 778 4120 und
800 4055 876 4121 hilii'
895 4060 933 4122 nd
956 4055 1084 4123 sdchen.
1131 4056 1196 4121 Das
1221 4057 1284 4122 tran
1309 4079 1342 4122 er
1366 4058 1444 4121 aber

291 4159 494 4237 meisterlioh,
517 4159 582 4223 und
604 4159 662 4224 hat
684 4159 776 4226 einen
799 4159 939 4226 subtilen
963 4163 1064 4240 Redt,
1088 4163 1143 4227 der
1164 4161 1349 4247 onfenglich
1372 4163 1441 4227 sein

290 4262 509 4330 schdlmeister
530 4284 695 4348 gewesen,
730 4266 796 4330 und
827 4266 860 4330 in
891 4266 1063 4332 derhaiben
1090 4268 1155 4352 jetz
1177 4265 1212 4331 in
1235 4267 1289 4332 der
1311 4270 1369 4332 not
1392 4269 1445 4332 nit

291 4366 351 4437 wol
380 4368 537 4434 verlassen
568 4367 641 4433 kan.
