3172 4962
155 1405 267 1472 Priene
288 1403 399 1470 tebule
421 1404 589 1470 insinuans
612 1408 743 1469 neturus
766 1408 800 1469 et
820 1402 976 1469 efficacias
999 1401 1199 1488 singularum
1223 1421 1310 1466 cree-

213 1515 358 1576 turernm
381 1509 551 1576 secundum
573 1509 702 1574 modum
725 1509 944 1594 persuesivum
966 1506 1080 1592 incipit
1102 1504 1248 1571 feliciter.

156 1647 198 1704 De
216 1647 274 1704 sole
290 1647 320 1704 et
337 1646 414 1702 lune.
434 1647 459 1702 1.
759 1646 800 1703 De
817 1647 903 1706 mirto
920 1649 950 1704 et
967 1646 1093 1702 muliere.
1111 1645 1154 1700 34.

155 1735 198 1791 ΒΘ
215 1735 337 1791 Seturno
354 1736 384 1790 et
401 1733 483 1789 nube.
502 1734 527 1788 2.
759 1733 801 1789 De
818 1734 901 1792 cedro
919 1732 1029 1790 Libani.
1049 1733 1092 1788 35.

156 1821 199 1878 ΒΘ
215 1821 301 1878 stelle
318 1821 545 1877 transmontano..
564 1821 589 1874 8.
759 1820 801 1876 ΒΘ
819 1821 929 1878 duabus
947 1819 1102 1880 arboribus.
1120 1822 1164 1876 33.

155 1908 197 1964 ΒΘ
213 1909 331 1980 hespero
348 1910 378 1963 et
395 1907 519 1963 lucifero.
536 1907 561 1960 4.
759 1906 801 1962 ΒΘ
818 1907 951 1978 delphino
969 1909 998 1962 et
1016 1906 1154 1978 engoills
1174 1907 1216 1962 37.

155 1993 199 2052 ΒΘ
216 2012 283 2051 eren
301 1995 363 2052 eceli
381 1997 410 2050 et
428 2010 536 2050 cenuo.
554 1995 579 2048 5.
760 1991 802 2048 ΒΘ
819 1991 923 2061 Syrene
941 1995 970 2048 et
988 1993 1103 2052 lubrico.
1122 1994 1166 2050 38.

156 2080 198 2137 ΒΘ
216 2081 285 2139 coelo
302 2084 331 2138 et
348 2084 434 2138 terre.
454 2082 479 2136 3.
759 2078 800 2135 ΒΘ
817 2079 903 2135 vento
920 2078 1031 2137 marino
1045 2080 1144 2151 guloso
1156 2079 1247 2136 vulsie.
1267 2081 1310 2136 39.

155 2167 197 2225 ΒΘ
215 2174 280 2225 sere
296 2171 327 2225 et
344 2171 436 2224 vente.
455 2171 479 2224 7.
758 2165 801 2221 ΒΘ
819 2164 943 2236 quinque
961 2165 1138 2223 edentelibue
1165 2169 1195 2223 et
1222 2167 1311 2238 pisos·

154 2254 196 2312 ΒΘ
213 2255 312 2312 littere
328 2257 358 2311 et
375 2254 457 2312 meri.
474 2255 500 2310 3.
794 2255 863 2310 tere.
881 2255 924 2309 40.

155 2341 197 2399 ΒΘ
212 2342 281 2414 igne
298 2346 327 2400 et
344 2359 428 2412 eque
440 2343 466 2397 9.
757 2339 800 2396 ΒΘ
817 2340 890 2398 lucio
908 2342 937 2395 et
954 2339 1090 2396 basilisco.
1110 2341 1153 2395 41.

155 2429 197 2485 ΒΘ
214 2446 289 2499 eque
307 2431 336 2484 et
353 2427 427 2500 igne.
448 2429 488 2486 10.
758 2426 938 2491 Desturione‚
944 2426 1121 2496 quiedmere
1127 2425 1257 2496 perrexit
1265 2428 1309 2482 42.

155 2514 197 2571 ΒΘ
214 2514 313 2587 pluvio
330 2517 359 2570 et
375 2514 456 2572 meri
478 2514 517 2572 ll.
758 2515 799 2571 ΒΘ
816 2515 966 2571 murenule
983 2517 1012 2570 et
1030 2513 1188 2570 cocodrillo.
1206 2515 1248 2572 43.

155 2601 197 2657 ΒΘ
214 2603 310 2658 monte
328 2603 358 2656 et
376 2601 460 2658 velle.
480 2602 521 2658 12.
758 2602 800 2658 ΒΘ
817 2601 890 2658 lucio
908 2603 938 2658 ei
952 2601 1054 2657 triehe.
1072 2601 1115 2657 44.

154 2686 652 2760 Degemmisetlepidibuspretiosis.
664 2687 705 2744 13.
757 2688 799 2744 ΒΘ
817 2688 917 2760 regine
935 2691 964 2746 ot
981 2688 1080 2759 hydro.
1099 2689 1142 2743 45.

156 2774 199 2830 ΒΘ
216 2773 368 2846 smersgdo
386 2777 416 2830 et
434 2775 548 2832 mulo.
568 2776 608 2829 14.
758 2775 799 2831 ΒΘ
816 2775 947 2846 eerpione
965 2779 995 2832 et
1011 2775 1147 2833 trimello.
1166 2778 1208 2832 46.

156 2861 198 2917 ΒΘ
216 2860 331 2933 ssphiro
348 2863 377 2917 et
395 2862 516 2918 euriflee.
535 2861 577 2917 15.
757 2862 798 2918 ΒΘ
815 2880 888 2918 rene
906 2867 935 2919 et
953 2880 1059 2920 coneo.
1079 2863 1122 2917 47.

155 2949 197 3005 ΒΘ
214 2949 324 3020 topasio
340 2949 471 3020 pretioso.
491 2949 532 3003 13.
758 2949 799 3005 ΒΘ
817 2949 957 3022 piscatore
975 2953 1005 3005 et
1022 2949 1162 3020 pisciculo.
1180 2951 1223 3006 48.

155 3035 197 3092 ΒΘ
214 3035 384 3092 carbunculo
401 3038 430 3091 et
449 3036 569 3108 speculo.
589 3035 630 3090 17.
758 3035 799 3091 ΒΘ
816 3037 914 3106 equile
940 3039 969 3092 et
993 3037 1093 3092 eribus
1119 3039 1148 3092 et
1173 3037 1253 3096 leone
1279 3042 1309 3096 et

155 3123 197 3179 ΒΘ
216 3122 317 3178 echete
334 3123 364 3176 et
380 3124 494 3178 meets.
515 3123 556 3178 18.
794 3123 859 3178 eliis
875 3123 980 3179 bestiis.
999 3123 1042 3180 49.

155 3209 197 3266 ΒΘ
215 3227 285 3266 euro
302 3211 331 3265 et
349 3208 474 3280 plumbo.
494 3210 536 3265 19.
759 3208 800 3265 ΒΘ
817 3209 928 3280 equile,
948 3227 1011 3280 ques
1029 3210 1130 3266 citsvit
1149 3229 1243 3267 omnes
1262 3231 1310 3271 vo·

154 3295 196 3352 ΒΘ
213 3313 282 3352 suro
300 3297 330 3352 et
347 3297 477 3366 urgento.
495 3297 538 3352 20.
794 3296 891 3352 lucres.
911 3299 952 3353 50.

154 3383 196 3440 ΒΘ
213 3385 333 3455 urgento
350 3384 380 3438 et
397 3383 481 3440 ferro.
501 3383 543 3438 21.
759 3383 800 3439 ΒΘ
816 3383 931 3440 οΘτοᾶίο
947 3386 977 3438 et
995 3383 1091 3439 milvo.
1111 3384 1152 3440 51.

154 3471 196 3527 ΒΘ
213 3473 316 3542 usgue
333 3473 363 3526 et
381 3487 441 3526 rere.
460 3471 503 3528 22.
759 3469 800 3526 ΒΘ
817 3486 900 3541 grue,
923 3489 985 3542 qun
1009 3471 1124 3527 volebet
1150 3470 1246 3527 volere
1272 3471 1310 3528 sd

155 3557 196 3612 ΒΘ
214 3574 276 3614 sere
294 3561 323 3613 et
341 3557 428 3612 cleve.
446 3558 488 3612 23.
792 3557 887 3614 solem.
906 3560 949 3614 52.

154 3643 197 3701 ΒΘ
213 3645 315 3701 oecebo
334 3647 363 3700 et
381 3645 489 3700 cetone.
509 3645 551 3700 24.
758 3644 799 3700 ΒΘ
817 3645 914 3712 sterls,
942 3663 1005 3716 quae
1022 3643 1098 3715 oepit
1116 3643 1246 3714 leporem.
1266 3647 1308 3702 53.

154 3731 197 3787 ΒΘ
214 3731 307 3787 herbis
326 3733 354 3788 et
373 3728 527 3786 arboribus.
547 3732 590 3787 25.
758 3731 799 3787 ΒΘ
817 3730 976 3789 struthione
993 3736 1022 3788 et
1041 3730 1211 3803 Chirurgioo.
1230 3733 1273 3786 54.

154 3817 196 3874 De
204 3819 270 3874 rute
278 3820 308 3874 et
317 3817 488 3873 animalibus
499 3819 648 3876 venenosis.
661 3822 704 3878 23,
758 3818 799 3874 ΒΘ
817 3818 928 3875 fulcone
945 3820 975 3874 et
993 3819 1079 3890 gello.
1100 3823 1142 3875 55.

154 3903 196 3960 ΒΘ
214 3923 300 3977 ysopo
319 3906 349 3960 et
366 3903 510 3962 Mercurio.
529 3907 571 3962 27.
758 3905 799 3960 ΒΘ
817 3908 919 3969 estune,
937 3923 1000 3976 ques
1011 3905 1089 3961 misit
1100 3906 1138 3962 ed
1149 3905 1309 3963 eeridrinm.

135 4001 138 4008 '
154 3991 196 4047 De
214 3991 352 4049 sbroteno
369 3993 399 4047 et
416 3991 517 4062 lepore
537 3993 581 4048 28.
795 3995 836 4049 56.

153 4077 195 4135 ΒΘ
213 4079 383 4150 plentogine
400 4080 430 4134 et
448 4077 538 4134 simis.
557 4080 601 4135 29.
758 4077 799 4134 ΒΘ
817 4077 958 4136 osmerillo
977 4081 1006 4133 et
1024 4078 1165 4151 accipitre.
1185 4081 1227 4135 57.

154 4165 196 4221 ΒΘ
215 4166 339 4222 verbena
356 4167 385 4221 et
401 4165 478 4235 lupo.
498 4166 540 4221 30.
759 4164 800 4220 ΒΘ
817 4163 988 4232 csrllsncbo,
1013 4165 1062 4236 qui
1086 4165 1201 4222 volebat
1219 4185 1248 4224 se
1267 4184 1309 4224 re-

153 4251 196 4307 De
213 4251 406 4324 mendrsgore
423 4254 453 4307 et
471 4251 586 4308 Venere
606 4255 648 4310 31.
794 4251 896 4322 guleri
916 4255 959 4308 58.

154 4336 196 4395 ΒΘ
214 4339 319 4397 rosario
336 4342 366 4396 et
383 4338 503 4410 perdice.
522 4341 565 4396 32.
758 4337 799 4394 ΒΘ
817 4357 914 4410 upups
930 4340 959 4395 et
978 4357 1099 4410 pepego.
1118 4342 1160 4396 59.

154 4425 196 4482 ΒΘ
213 4443 313 4483 rsmno
330 4429 360 4482 et
378 4425 503 4481 demnis.
523 4427 565 4482 33.
758 4425 799 4482 ΒΘ
817 4425 928 4497 gellius
945 4428 974 4482 et
992 4426 1129 4484 columbe.
1148 4431 1191 4485 60.

209 4529 380 4575 recreem.
852 4589 856 4599 Ι
1079 4523 1098 4584 9
