3172 4962
823 285 886 393 1'34

279 526 343 589 qua
364 479 441 568 subt
463 505 495 568 et
517 501 634 578 dolosa,
657 521 722 565 non
746 499 794 564 vis
816 505 853 565 tu
875 522 894 565 a
916 521 966 564 me
990 499 1162 585 baptisari,
1182 497 1247 565 'sed
1270 499 1358 584 cupis
1380 522 1435 564 me

279 609 422 693 decipere
444 611 477 671 et
498 605 655 684 toxicare,
685 605 754 669 ideo
785 627 850 670 non
873 604 967 670 audio
990 607 1031 670 te.
1078 605 1121 669 Et
1143 604 1203 670 hoc
1225 605 1332 670 dicens
1355 604 1433 669 sub-

279 713 389 777 mersit
411 733 443 776 se
466 710 499 774 in
524 709 616 773 undis
640 711 671 773 et
694 709 819 773 nutavit
840 729 975 792 eumque
996 729 1068 773 cum
1092 708 1277 774 confusione
1301 708 1435 794 reliquit

279 818 401 882 dicens:
431 815 530 880 falsus
553 817 585 878 et
607 813 790 898 ingeniosus
813 818 860 878 est
884 813 1052 898 hypocrita
1074 835 1256 898 pomposus.
1302 813 1331 878 A
1354 815 1431 880 tali-

252 922 337 986 ⁶bus
371 921 456 986 enim
488 919 634 1004 praecipit
656 918 795 984 salvator
817 939 874 983 nos
897 939 1072 1002 praecavere
1094 918 1204 983 dicens
1227 918 1343 984 Mattb.
1367 917 1432 985 X⁰r

277 1030 384 1091 cavete
406 1024 446 1088 ab
468 1024 533 1101 his,
567 1023 622 1106 qui
645 1024 778 1087 veniunt
802 1023 841 1087 ed
864 1043 919 1087 vos
942 1022 976 1086 in
999 1022 1199 1094 vestimentis
1223 1023 1352 1100 ovium,
1377 1023 1430 1086 in-

278 1131 435 1195 trinsecus
463 1133 571 1194 autem
601 1131 677 1193 sunt
710 1127 779 1211 lupi
809 1147 948 1211 rapaces.
995 1126 1042 1192 De
1065 1127 1180 1211 quibus
1203 1127 1250 1192 ait
1272 1127 1430 1194 Isidorus:
1561 1129 1563 1142 '

278 1234 453 1319 hypocrita
475 1253 548 1298 vcro
571 1232 604 1297 in
628 1233 752 1297 occulto
774 1231 850 1296 mali
873 1236 950 1296 sunt
972 1234 1005 1296 et
1027 1233 1133 1316 palam
1156 1253 1188 1296 se
1208 1232 1309 1297 bonos
1323 1237 1430 1299 osten-
1561 1299 1562 1332 ἶ

277 1340 366 1404 dunt.
413 1337 534 1414 Quibus
559 1337 640 1401 bene
672 1337 780 1400 divina
811 1357 885 1400 voce
918 1336 1034 1401 dicitur
1064 1335 1180 1400 Matth.
1213 1335 1360 1401 xxlffl:
1393 1336 1432 1402 de
1561 1333 1562 1354 ³

240 1461 265 1498 1⁰
278 1443 385 1522 robis,
409 1441 600 1528 hypocritae,
635 1440 710 1524 quia
739 1441 859 1506 similes
881 1441 960 1506 facti
983 1441 1059 1506 estis
1082 1440 1234 1525 sepulcris
1265 1440 1427 1522 dealbatis,

278 1569 350 1632 quae
379 1547 457 1612 foris
488 1545 615 1629 quidem
647 1548 803 1628 apparent
832 1545 1015 1611 hominibus
1043 1545 1204 1628 speciosa,
1238 1545 1326 1610 intus
1356 1567 1430 1610 vero
1561 1581 1562 1644 3

278 1655 355 1716 sunt
387 1651 483 1735 plena
513 1646 635 1714 ossibus
665 1653 871 1714 mortuorum.
925 1649 977 1715 Ita
1010 1653 1043 1714 et
1073 1670 1129 1715 vos
1163 1648 1241 1714 loris
1270 1651 1429 1735 apparetis

278 1756 459 1822 hominibus
479 1755 578 1839 justi,
606 1753 692 1817 intus
724 1775 798 1819 vero
824 1755 912 1838 pleni
932 1754 1009 1820 estis
1031 1753 1168 1819 avaritia
1189 1757 1222 1818 et
1245 1755 1424 1838 iniquitate.

277 1861 410 1948 Legitur
434 1859 535 1944 quod,
568 1880 639 1922 cum
676 1858 785 1924 beatus
809 1858 952 1924 Hilarius
986 1860 1096 1925 ivisset
1127 1859 1168 1925 ad
1202 1859 1427 1944 disputandum

239 1982 264 2020 1⁶
277 1971 389 2033 contra
420 1965 600 2041 haereticos,
639 1962 784 2028 diabolus
815 1965 848 2029 in
883 1966 986 2050 specie
1018 1964 1185 2030 servientis
1220 1964 1370 2048 portabat
1401 1965 1429 2028 ei
1561 1967 1562 2042 ]

278 2092 422 2155 cuppam,
446 2072 478 2133 et
501 2068 579 2133 alias
603 2068 637 2132 in
661 2069 773 2134 multis
795 2069 954 2154 obsequiis
978 2069 1115 2135 existens
1136 2069 1165 2132 ei
1188 2069 1279 2152 quasi
1302 2091 1428 2154 compa·

277 2178 359 2240 tiens
382 2173 526 2260 rogavit,
558 2177 594 2237 ut
620 2174 727 2237 minus
753 2172 938 2258 lympharet
959 2175 1070 2239 vinum
1092 2177 1222 2258 propter
1244 2173 1319 2238 vitae
1339 2173 1427 2239 labo·

221 2267 226 2280 ’
278 2301 353 2345 rem.
402 2278 492 2356 Quod
515 2299 587 2342 oum
608 2277 744 2356 fecisset,
768 2282 805 2343 ut
826 2301 942 2362 purum
965 2280 1097 2358 biberet,
1121 2279 1151 2343 ei
1174 2278 1295 2357 suasit,
1319 2278 1429 2343 deinde

277 2391 313 2448 ut
335 2405 443 2449 carnes
466 2383 657 2463 comederet,
675 2387 707 2448 et
729 2383 775 2448 sic
796 2385 965 2449 immutata
980 2383 1169 2469 poenitentia
1191 2403 1263 2446 cum
1285 2383 1424 2448 venisset

214 2505 261 2544 ¹2⁰
275 2489 315 2554 ad
337 2489 496 2573 quandam
519 2487 645 2565 villam,
670 2485 751 2551 dixit
773 2487 819 2551 ibi
841 2509 906 2552 esse
936 2488 1096 2573 quandam
1122 2485 1306 2573 religiosam
1331 2487 1424 2552 affec·
1562 2565 1563 2570 γ

274 2597 397 2658 tantem
419 2591 568 2675 (alloqui,
592 2595 625 2655 et
647 2591 756 2656 habito
780 2591 819 2656 ad
841 2591 977 2656 invicem
999 2591 1156 2675 colloquio
1172 2590 1296 2656 illectus
1314 2595 1363 2657 est
1385 2591 1425 2656 ab
1562 2589 1563 2664 l

274 2719 311 2762 ea
332 2696 381 2761 vir
403 2700 531 2761 sanctus
553 2699 585 2759 et
607 2694 767 2780 quaerebat
789 2693 924 2778 lapsum,
948 2695 1002 2760 scd
1020 2695 1180 2761 revelante
1195 2693 1262 2760 Deo
1284 2700 1316 2761 et
1331 2695 1423 2762 beato
1562 2681 1563 2694 ¹

275 2800 425 2879 Mutine,
450 2799 509 2864 hoc
530 2821 595 2864 esse
618 2821 697 2884 opus
718 2799 928 2879 diabolicum,
960 2800 1125 2884 adipsum
1148 2799 1237 2865 venit
1259 2803 1292 2864 et
1313 2801 1419 2867 subito

275 2904 449 2968 doemonem
471 2905 641 2989 effiigavit,
666 2904 816 2990 detegens
839 2927 920 2986 eum,
944 2906 1052 2990 sicque
1075 2905 1159 2970 Deus
1183 2904 1345 2971 Hilarium
1367 2922 1422 2990 per

237 3007 405 3072 reboatum
429 3007 605 3072 Martinum
628 3008 787 3076 liberavit.

351 3181 410 3246 De
431 3182 637 3261 sturione,
661 3183 730 3266 qui
753 3182 801 3247 ad
827 3205 933 3248 mare
956 3185 1179 3267 perrexit,
1202 3184 1276 3250 dial.
1299 3189 1351 3251 42.

362 3325 469 3392 Sturio
491 3326 620 3410 quidam
644 3347 778 3411 magnus
801 3329 833 3390 et
860 3325 998 3390 famosus
1031 3326 1066 3390 in
1087 3325 1219 3389 flumine
1241 3323 1339 3404 Padi,
1375 3326 1431 3409 qui

275 3435 324 3496 est
346 3432 379 3496 in
392 3430 592 3510 Lombardia,
614 3431 816 3509 morabatur,
840 3452 936 3515 quem
954 3435 1084 3515 propter
1097 3428 1318 3494 excellentiam
1341 3453 1432 3496 suam

275 3541 307 3600 et
342 3536 563 3600 fortitudinem
600 3536 707 3601 cuncti
739 3536 840 3619 pisces
874 3535 953 3601 Padi
991 3536 1193 3601 verebantur.
1251 3533 1325 3619 Ipse
1357 3557 1432 3601 vero

236 3657 260 3692 ³⁰
275 3645 395 3705 erectus
418 3641 466 3705 ait
487 3641 574 3706 intra
597 3662 647 3705 se:
670 3639 748 3724 quid
771 3640 853 3704 mihi
878 3644 927 3705 est
950 3639 990 3704 ad
1012 3641 1114 3724 pisces
1137 3643 1203 3704 tam
1220 3640 1298 3705 viles
1312 3641 1432 3706 sociare

274 3749 304 3810 et
327 3745 368 3809 ab
390 3744 468 3829 ipsis
491 3743 618 3809 laudem
649 3747 682 3808 et
703 3743 855 3809 honorem
879 3744 1044 3829 recipere?
1074 3743 1189 3809 Melius
1211 3748 1276 3822 est,
1300 3748 1337 3810 ut
1358 3767 1432 3828 per-

274 3871 348 3937 gam
371 3849 405 3913 in
418 3850 512 3914 'mare
535 3871 687 3936 magnum
711 3854 743 3914 et
758 3849 946 3933 spatiosum,
970 3850 1026 3915 ubi
1041 3854 1116 3915 eunt
1133 3849 1271 3934 reptilia,
1294 3871 1431 3934 quorum

274 3974 338 4018 non
368 3957 415 4018 est
446 3975 615 4034 numerus,
650 3958 681 4018 et
703 3953 816 4019 belluae
838 3975 963 4039 mngnae
996 3955 1126 4020 marinas
1161 3957 1256 4039 atque
1289 3954 1430 4034 diversae,

274 4057 349 4140 quia
371 4056 412 4121 ab
435 4057 514 4141 ipsis
538 4062 669 4142 propter
690 4058 962 4144 magnificentiam
985 4081 1039 4124 ero
1061 4058 1250 4124 sublimatus
1273 4063 1305 4124 et
1327 4059 1431 4126 famo·

235 4177 260 4215 ⁸⁶
275 4183 327 4226 sus
350 4163 436 4226 inter
458 4183 602 4248 magnos.
648 4163 691 4228 Et
713 4164 773 4228 hoc
796 4164 903 4228 dicens
927 4163 965 4229 de
980 4163 1110 4230 flumine
1126 4164 1225 4228 exivit
1246 4169 1280 4229 et
1295 4164 1328 4229 in
1345 4187 1434 4232 mare

283 4266 416 4331 natavit.
464 4264 549 4332 Dum
571 4272 676 4333 autem
700 4269 734 4333 in
756 4270 840 4334 meri
863 4269 987 4335 natavit
1016 4274 1049 4335 et
1077 4267 1198 4334 belluas
1218 4269 1373 4334 maximas
1403 4275 1437 4337 et

273 4369 486 4435 ferocissimas
508 4371 705 4450 intueretur,
737 4373 893 4457 poenituit
924 4375 1195 4460 quamplurimum
1221 4377 1353 4459 propter
1376 4377 1434 4442 ed·
