3074 4952
686 279 748 342 24⁷

229 447 365 533 Respice,
390 471 509 535 quaeso,
533 449 646 529 mser,
670 450 704 514 in
727 452 867 517 actiones
890 452 1028 533 illorum,
1053 455 1107 539 qni
1130 460 1205 520 sunt
1220 457 1291 540 qni-

145 575 205 640 qne
224 554 348 620 inerunt
370 555 433 622 hac
456 561 513 622 tua
534 559 639 622 aetste.
684 554 772 621 Num
800 557 930 641 aliquod
952 558 1061 624 solidae
1083 559 1212 625 virtutis
1235 564 1292 626 ant

143 660 354 725 sanctimoniae
374 661 536 746 specimen
559 663 594 727 in
617 661 662 726 eis
683 683 824 745 unquam
857 662 1116 746 deprehendisti?
1150 688 1192 730 an
1224 688 1290 730 non

141 765 243 848 wtins
264 787 387 831 meram
409 757 603 853 hypocrisin,
626 767 701 831 ficta
723 770 755 830 et
777 765 927 830 simulata
948 771 980 832 et
1003 769 1041 834 ad
1062 769 1205 836 fraudem
1221 793 1289 836 om-

140 870 192 934 nia
213 871 411 955 compomtd?
457 871 492 936 Si
514 871 710 956 dissiparunt
732 871 860 955 imperii
889 872 1001 949 robur;
1038 874 1064 938 si
1096 897 1219 960 semper
1250 898 1287 941 eo

138 979 336 1060 spectarunt,
368 981 407 1040 nt
428 997 539 1062 regum
561 977 644 1042 vires
667 976 885 1053 infirmarent;
920 977 946 1041 si
970 969 1117 1062 turpibus
1138 986 1172 1046 et
1194 981 1288 1048 illau-

138 1081 218 1147 datis
240 1082 422 1148 rationibus
444 1082 501 1146 has
523 1085 630 1147 tantos
652 1103 726 1166 opes
749 1083 909 1147 consecuti
931 1088 1023 1168 sunt;
1045 1085 1072 1148 si
1096 1107 1159 1150 non
1184 1087 1286 1152 solum

137 1190 205 1252 tuos
225 1187 363 1270 majores
385 1208 504 1267 omnes,
528 1208 637 1251 verum
659 1191 691 1251 te
714 1209 857 1272 qnoque,
881 1186 999 1267 Ossan,
1029 1191 1134 1275 ipsum
1158 1191 1289 1278 indigne

136 1295 331 1370 resumes,
354 1293 401 1358 ita
424 1293 569 1377 quidem,
593 1297 632 1357 ut
652 1291 932 1358 criminationibus
953 1293 1081 1359 illorum
1104 1296 1137 1360 in
1160 1299 1193 1360 te
1215 1319 1289 1361 oon·

137 1397 224 1476 hstis,
246 1397 337 1462 edito
360 1397 479 1480 scripto
500 1397 544 1462 sis
566 1399 691 1462 coactns
712 1397 916 1481 respondere:
940 1399 1017 1482 quid
1040 1401 1209 1478 cunctaris,
1232 1405 1289 1466 unt

138 1503 169 1566 in
189 1523 285 1586 quam
307 1501 472 1568 meliorem
494 1519 582 1586 spem
606 1501 714 1566 venire
736 1504 851 1586 potes?
881 1501 1014 1568 Frustra
1032 1505 1169 1570 sumitur
1184 1505 1287 1570 omnis

138 1607 229 1672 tabor.
275 1604 459 1673 Nemeum
482 1607 555 1672 vitis
578 1627 706 1672 cursum
728 1611 861 1684 tenent,
896 1630 990 1692 quem
1019 1610 1176 1694 scriptura
1205 1631 1287 1695 prae·

136 1711 221 1779 dixit.
266 1711 381 1777 Armis
404 1711 587 1796 quidemst
614 1712 645 1776 vi
676 1733 740 1777 non
771 1712 1011 1797 opprimentur,
1045 1714 1099 1778 sed
1131 1713 1287 1799 evangelii

138 1815 360 1899 predicatione
381 1816 428 1880 sic
449 1817 602 1900 patefient
624 1821 657 1882 et
686 1821 898 1904 agnoscentur
928 1819 1030 1884 indies
1058 1819 1160 1904 magis
1192 1823 1287 1902 atque

137 1922 244 2007 magis,
265 1925 305 1986 ut
330 1921 439 1986 nullus
461 1943 603 2007 unquam
625 1925 661 1986 in
683 1923 757 1988 orbe
780 1926 939 1988 terrerum
962 1923 1104 1988 extiterit
1120 1930 1285 2008 tyrannus,

137 2025 187 2108 qui
209 2029 275 2090 tam
298 2025 430 2091 illustre
449 2031 578 2110 tamque
598 2029 781 2113 pudendum
803 2029 852 2093 sui
875 2027 1089 2112 spectaculum
1104 2028 1284 2112 praebuerit

138 2151 226 2214 quarn
248 2131 315 2195 isti.
363 2130 480 2208 Porro,
515 2133 598 2198 sient
627 2133 682 2196 irae
712 2133 827 2198 divinae
858 2133 985 2218 signum
1016 2131 1099 2209 fnit,
1134 2131 1286 2214 quamdin

137 2234 336 2300 versabamur
358 2234 393 2298 in
416 2233 474 2300 ille
487 2236 683 2302 crassissima
698 2237 845 2321 caligine,
870 2236 917 2300 its
931 2257 1057 2321 quoqne
1073 2236 1284 2321 benignitatis

136 2344 168 2406 et
187 2340 363 2406 elementiae
384 2344 539 2424 paternae,
554 2341 774 2406 indubitatum
805 2344 853 2406 est
885 2345 1127 2426 argumentum,
1159 2339 1284 2422 quando

136 2444 267 2530 deprdsis
288 2443 386 2510 hodie
409 2445 548 2511 tenebris
560 2445 791 2529 jucundissimo
807 2445 882 2510 solis
898 2449 1028 2532 aspectu
1044 2445 1190 2509 fruimur.
1221 2443 1285 2509 Pro

136 2571 195 2634 quo
214 2555 308 2615 tanto
333 2571 464 2616 munere
486 2550 569 2615 nihil
593 2551 678 2616 aliud
709 2573 729 2615 a
759 2550 851 2615 nobis
881 2547 1027 2636 retposeit
1049 2548 1153 2627 Deus,
1188 2571 1285 2633 quem

136 2658 171 2718 ut
199 2675 410 2742 agnoscamus
445 2654 524 2720 illud
553 2658 586 2720 et
615 2659 795 2720 reverenter
826 2655 1082 2738 complectamur.
1129 2653 1220 2731 Quod
1248 2657 1283 2720 nt

136 2759 246 2838 iacias,
280 2759 486 2826 vehementer
509 2764 623 2844 optant
644 2782 752 2826 omnes
775 2761 836 2844 piae
868 2763 1007 2837 mentes,
1040 2779 1138 2843 eoque
1169 2759 1281 2844 magis,

136 2885 194 2947 qno
207 2864 388 2930 manifeste
402 2864 530 2930 veritati
549 2863 700 2930 furiosius
716 2885 895 2950 repugnare
910 2864 1018 2928 vident
1033 2863 1236 2928 adversarios.

136 2967 193 3044 Qui
214 2969 304 3035 nulla
327 2973 463 3055 possunt
485 2969 605 3053 expleri
627 2969 822 3048 crudelitate,
846 2969 900 3034 ssd
925 2967 1122 3034 delectantur
1145 2968 1282 3034 caedibns

699 3089 718 3130 s

139 3177 170 3242 lr
197 3177 430 3264 hypocritisehe
460 3177 639 3263 gehenon,
674 3179 739 3243 und
769 3177 929 3262 fdrwitzig
951 3177 1063 3256 reden,
1098 3175 1186 3241 hilfft
1208 3175 1282 3240 inen

139 3281 304 3349 mereklinh
326 3281 447 3348 darein.
494 3281 598 3347 Wenn
621 3303 696 3348 mun
719 3283 765 3348 sie
787 3283 862 3348 aber
884 3283 973 3347 recht
995 3282 1132 3359 bonnet,
1165 3279 1283 3344 undir

138 3385 221 3472 lhtig
240 3387 386 3474 engeten
410 3387 576 3454 verstehen
598 3388 716 3466 mbnht,
739 3387 802 3454 solt
824 3409 899 3452 man
915 3388 961 3452 sie
976 3388 1098 3453 dermss
1113 3384 1282 3469 empfshen

140 3492 197 3556 und
218 3491 349 3558 uilhom
371 3491 516 3571 heissen‚
549 3493 605 3558 das
627 3493 673 3558 sie
695 3515 767 3558 anm
789 3493 926 3558 anderen
949 3492 1013 3558 mal
1037 3492 1086 3556 nit
1109 3489 1282 3556 widerumb

139 3591 250 3661 haren.
308 3595 423 3662 Haben
456 3597 500 3664 sie
533 3597 612 3664 doch
649 3597 740 3664 nichs
775 3620 963 3684 vergessen‚
1005 3597 1085 3663 noch
1121 3594 1280 3658 erwinden

139 3697 249 3779 luen,
280 3723 347 3768 ves
376 3724 438 3767 nur
466 3707 505 3770 ad
527 3704 796 3790 underdruokung
819 3705 874 3769 der
895 3703 1029 3770 warheit
1050 3698 1189 3765 dienlieh
1212 3698 1280 3762 sein

138 3825 214 3892 mg.
256 3807 310 3874 Sic
332 3809 448 3874 visson
470 3809 551 3876 auch
573 3811 653 3890 nol,
686 3833 766 3876 wem
798 3809 843 3875 sie
873 3811 919 3875 im
947 3806 1055 3874 selben
1078 3805 1192 3869 dienen
1214 3803 1279 3868 und

141 3911 261 3994 genle·
281 3913 376 3980 thdn.
425 3913 510 3979 Aber
540 3937 573 3980 es
595 3915 644 3980 sol
666 3914 735 3980 sich
757 3915 793 3980 hh
817 3915 860 3980 M.
884 3937 941 3980 vor
963 3914 1038 3979 inen
1061 3913 1108 3978 ale
1130 3931 1186 3976 vor
1209 3909 1279 3974 dem

141 4015 284 4100 missen
306 4018 616 4103 phuriseisch[63]en
639 4019 841 4104 gesehleoht,
864 4018 1049 4105 fleiseiglich
1071 4012 1190 4093 triten,
1215 4013 1279 4080 und

142 4119 303 4203 thlich
325 4122 508 4202 schliessen,
530 4125 585 4188 das
602 4147 663 4190 von
680 4125 764 4204 ineu,
788 4125 964 4190 oberzalter
980 4122 1133 4190 uraechen
1152 4119 1279 4198 halben,

143 4221 222 4288 nidis
242 4225 403 4305 beilum,
426 4227 586 4296 hinfdrter
608 4234 647 4296 nd
668 4233 824 4296 erwarten
847 4231 898 4296 ist.

218 4327 268 4396 Sic
290 4331 396 4398 tossen
412 4333 479 4400 sich
495 4357 535 4400 an
552 4335 678 4400 keinem
693 4336 857 4432 verfolgen
874 4334 957 4400 noch
972 4334 1113 4402 brennan
1129 4335 1278 4420 mitiges,
