3172 4958
707 343 748 406 45

154 541 223 586 esse
245 523 278 585 et
293 517 355 584 tibi
369 517 468 594 erede,
492 515 671 591 carissima3
696 535 770 579 nam
785 512 923 591 attende,
948 515 1103 597 quomodo
1121 519 1153 580 et
1168 516 1305 600 qualiter

155 645 241 689 nnnc
263 622 397 697 incedis,
437 619 588 704 quoniam
620 621 689 684 aine
717 619 812 694 duce,
845 618 1001 703 pascualis
1032 619 1156 684 itineris
1186 621 1302 701 nescia,

155 729 225 795 siue
233 732 348 806 tutore,
372 727 461 792 nulla
472 727 602 811 propria
621 724 785 790 validitate
799 728 932 802 armata,
950 724 1033 788 inter
1046 724 1203 804 inimicos,
1227 726 1303 791 soli-

155 855 238 920 vaga
260 837 355 915 atquc
377 832 411 896 in
434 830 569 895 miseriis
598 835 630 894 te
653 828 966 894 circumvallantibus
988 829 1150 896 destituta.
1196 829 1303 896 Nimi-

125 955 225 1006 ⁶rum
249 939 301 1003 via
315 939 377 1003 tibi
393 959 480 1002 error
496 941 553 1014 est,
576 934 788 1019 praecipitium
805 936 925 1012 ductor,
949 935 1065 998 esuries
1081 957 1205 1019 pascua,
1230 959 1302 1021 per·
1380 1009 1386 1014 ,

154 1045 253 1110 uicies
281 1043 365 1108 socia
394 1041 430 1107 et'
457 1041 505 1106 tui
538 1041 668 1105 tandem
698 1039 832 1104 crudelis
862 1039 1011 1104 interitus
1040 1044 1116 1104 aunt
1150 1044 1300 1106 extrema.

153 1148 223 1234 Ego
246 1152 330 1214 certo
353 1168 469 1223 cornu,
494 1146 588 1229 pede,
612 1145 831 1228 magnitudine
864 1149 895 1209 et
918 1144 1063 1228 agilitate
1085 1147 1226 1211 munitus
1250 1149 1303 1214 vix

154 1253 272 1320 aseris
294 1252 388 1336 hujus
411 1250 595 1314 solitudinis
618 1271 687 1312 sum
710 1269 846 1312 securus.
892 1245 951 1313 Sed
975 1270 1012 1311 ex
1034 1271 1097 1332 quo
1113 1254 1303 1320 naturaliter

153 1363 186 1423 te
208 1359 343 1423 delectat
358 1355 499 1431 libertas,
524 1354 584 1431 dic,
608 1373 722 1436 quaeso,
747 1352 825 1416 eiad
842 1352 922 1416 benc
937 1352 988 1416 vel
1004 1352 1301 1423 malefaciendum?

113 1479 140 1516 1⁰
156 1461 280 1547 Quippe
311 1462 338 1526 si
367 1460 506 1524 intendis
536 1457 733 1534 benefacere,
764 1457 824 1520 boo
853 1460 978 1520 tautum
1011 1462 1059 1521 est
1089 1461 1172 1542 quod
1201 1462 1303 1548 exigit

155 1571 264 1651 pastor
285 1570 377 1642 tuus,
408 1569 445 1630 ut
467 1563 542 1648 quid
564 1562 685 1646 refugis
708 1564 801 1626 eum?
831 1563 899 1626 sine
923 1563 1045 1627 ratione
1067 1585 1161 1649 agere
1183 1568 1300 1650 cupis?

154 1671 225 1754 ipsa
247 1668 307 1734 tibi
329 1669 390 1733 erit
411 1667 541 1732 libertas
564 1666 698 1730 initialis
713 1665 875 1730 servitutis
891 1667 1069 1750 captivitas.
1110 1669 1194 1734 Nam
1210 1674 1301 1738 malae

154 1774 312 1840 voluntati
335 1773 484 1857 peccandi
506 1771 638 1836 libertas
661 1777 719 1849 est,
743 1794 806 1855 qua
829 1773 955 1856 quidem
980 1781 1216 1842 consummatur
1231 1781 1299 1862 ejus

153 1879 307 1963 iniquitas
330 1883 362 1943 et
378 1901 450 1942 mox
466 1877 633 1962 captivitas
649 1877 801 1960 sequitur.
834 1874 885 1940 Sic
900 1876 984 1942 mala
999 1878 1155 1958 voluntas,
1179 1891 1299 1966 quanto

112 2001 138 2038 1⁵
154 1983 293 2060 liberior,
316 1986 407 2047 tanto
429 1983 591 2057 servili0r;
616 1987 735 2066 quanto
758 1982 929 2064 potentior,
952 1987 1041 2048 tanto
1063 1985 1238 2066 infirmior,
1267 1995 1300 2054 et

154 2090 275 2170 quanto
297 2086 473 2164 sublimior,
496 2089 587 2150 tanto
610 2085 724 2150 minor.
770 2085 855 2150 Audi
881 2085 982 2169 igitur
1005 2091 1171 2155 consilium
1195 2115 1299 2159 meum

154 2195 186 2255 et
208 2191 394 2274 quantocius
408 2189 575 2256 revertaris
591 2191 630 2254 ad
653 2189 815 2254 dominum
838 2192 939 2268 tuum,
964 2213 1003 2256 ne
1027 2194 1124 2259 libere
1143 2205 1300 2280 peccaset

153 2301 187 2360 te
209 2297 313 2380 ipsam
335 2297 420 2380 lupis
443 2297 652 2360 devorandam
668 2295 841 2379 impendas.
886 2293 971 2360 Nam
988 2298 1047 2360 etsi
1064 2299 1209 2365 domiuus
1225 2309 1300 2368 tuus

153 2407 186 2464 te
208 2401 351 2485 mulget¹
375 2405 408 2465 et
422 2401 541 2478 tondet,
566 2401 606 2465 ab
622 2422 657 2465 eo
673 2401 772 2465 sumis
794 2400 861 2465 haec
885 2401 961 2484 ipsa,
987 2423 1057 2484 quae
1073 2405 1197 2484 tribule,
1222 2409 1298 2491 quia

110 2525 137 2562 20
153 2511 185 2569 te
207 2505 345 2570 custodit
367 2511 399 2569 et
421 2507 531 2589 pascit.
578 2504 759 2591 llligibilius
777 2507 893 2589 quippe
912 2511 960 2570 est
974 2507 1024 2571 lac
1042 2507 1116 2572 dare
1131 2531 1167 2574 ao
1182 2511 1299 2578 vellera

153 2631 249 2694 quam
271 2631 343 2674 cum
365 2609 511 2674 omnibus
534 2611 663 2694 perdere
684 2611 793 2676 vitam.
839 2596 960 2686 Quibus
983 2613 1100 2677 auditis
1125 2616 1193 2680 ovis
1215 2637 1295 2702 gau·

153 2715 264 2778 denter
287 2713 325 2778 ad
348 2718 506 2797 pastorem
529 2714 631 2778 rediit.

352 2922 506 2987 Contra
527 2925 768 3009 appetitum
792 2926 1106 2993 dominationis.

347 3095 402 3160 De
424 3097 584 3162 affectu
608 3103 647 3162 et
670 3098 927 3178 intellectu,
953 3124 1020 3188 cap.
1048 3097 1095 3168 lO.

109 3259 136 3294 aa
240 3235 457 3300 Intumescens
488 3235 619 3300 affectus
646 3259 719 3301 mox
741 3239 919 3304 intellectui
941 3263 1032 3305 snum
1058 3246 1190 3311 volitum
1216 3249 1299 3314 indi-

151 3341 237 3406 cavit
259 3341 402 3428 dixitque
425 3339 471 3403 ei:
496 3341 598 3424 cupio,
623 3341 721 3405 frater
738 3344 790 3422 mi,
815 3348 938 3408 cunctis
955 3346 1134 3414 hominibus
1151 3353 1300 3435 subjectis

19 3459 29 3476 ·
150 3467 291 3531 praeesse.
340 3449 383 3508 At
405 3444 460 3508 ille
482 3447 661 3527 respondit:
689 3469 774 3526 cave,
799 3451 968 3530 carissime,
992 3475 1033 3516 ne
1047 3459 1225 3538 appetendo
1242 3459 1298 3522 do-

150 3551 359 3614 minationem
382 3551 565 3614 scrvitutem
589 3552 744 3634 superbiae
765 3553 925 3634 incurras,
957 3562 989 3621 et
1019 3580 1090 3624 curn
1114 3565 1150 3624 tn
1173 3563 1244 3626 aliis
1268 3571 1301 3628 te

150 3653 315 3737 praeferas,
347 3660 381 3719 tu
412 3655 479 3738 ipse
509 3655 558 3718 tui
590 3660 653 3721 tam
678 3659 798 3741 grande
820 3659 995 3725 dominium
1020 3665 1140 3747 perdas.
1186 3665 1301 3732 Sedet

107 3759 201 3823 codic
231 3759 326 3838 mibi,
358 3781 478 3844 quaeso,
502 3761 547 3839 si,
573 3762 648 3844 quid
671 3763 844 3843 desideras,
876 3771 969 3848 putas
988 3768 1119 3850 justum.
1167 3770 1247 3834 Nam
1272 3773 1301 3836 si

146 3864 269 3947 justum
294 3885 357 3928 non
380 3869 437 3944 est,
462 3865 521 3930 hoc
544 3867 646 3950 ipsum
659 3874 806 3952 appetere
830 3875 877 3934 est
899 3870 1071 3954 injustum!
1096 3873 1187 3938 Velle
1202 3876 1298 3956 enim,

149 3967 232 4052 quod
255 3968 409 4050 injustum
431 3973 499 4046 est,
527 3970 670 4054 iniquum
695 3995 761 4037 esse
784 3976 935 4040 sancitur.
981 3977 1132 4042 Attamen
1158 3980 1226 4061 ipsa
1248 3981 1299 4044 in-

144 4075 273 4158 justitia
290 4074 416 4138 miseria
438 4080 496 4139 est.
543 4074 649 4160 Igitur
670 4098 708 4141 ex
732 4078 792 4144 hoo
814 4083 957 4162 appetitu
981 4105 1012 4146 es
1029 4083 1133 4146 miser.
1181 4083 1299 4150 Verum

148 4179 252 4242 omnia
276 4179 371 4244 miser
392 4201 456 4244 suae
477 4180 668 4245 calamitatis
691 4187 740 4246 est
762 4205 879 4251 servus.
926 4185 985 4250 Sed
1009 4188 1037 4250 si
1053 4187 1129 4271 quid
1145 4188 1299 4272 injustum

714 4303 732 4342 lt

222 4405 234 4459 1
256 4403 382 4460 undere:
401 4404 521 4476 mungit.
