3172 4962
682 347 686 354 '
723 366 784 432 rso

178 531 304 608 mortu.¹
335 539 379 606 Et
400 539 577 627 vulgariter
599 538 733 606 dicitur:
756 543 883 606 tautum
905 513 989 606 valet
1019 542 1073 626 qui
1097 545 1185 612 tenet
1206 545 1327 631 pedem,

179 650 336 730 quantum
360 645 415 731 qui
438 644 586 710 excoriat.
632 643 746 728 Itaque
768 644 877 710 recede
899 667 919 709 a
940 667 1000 722 me,
1024 651 1173 731 quoniam
1191 651 1328 717 societas

180 755 237 818 tua
258 772 309 816 me
331 771 396 815 non
420 749 517 816 decet
562 748 605 814 Et
633 748 692 815 hcc
723 749 830 816 diceus
860 750 1015 833 prooessit
1037 756 1068 817 et
1090 743 1154 821 ait:
1184 778 1243 822 uos
1275 756 1328 820 de-

180 857 291 922 bemus
313 859 425 922 eontra
448 854 494 919 ire
514 853 599 918 malo
622 859 654 918 et
678 875 742 919 uon
764 854 953 920 consentire.
1001 855 1070 922 Hoc
1091 860 1175 924 onim
1192 860 1329 926 faciebat

154 960 284 1028 rDavid
300 959 351 1024 Pa.
369 959 420 1039 0⁰,
443 981 513 1024 eum
530 960 664 1036 dicebat,
687 959 838 1024 iacientes
853 959 1126 1041 praevaricationes
1147 965 1243 1044 odivi,
1264 967 1330 1031 sire

181 1070 263 1132 esset
284 1068 375 1149 pater
406 1085 493 1130 meus
522 1063 588 1130 sive
618 1067 720 1128 mater
749 1065 816 1128 sive
849 1084 937 1128 soror
967 1064 1034 1131 sive
1057 1067 1163 1134 frater.
1209 1068 1247 1135 Id
1271 1074 1329 1149 est,

181 1171 209 1236 si
231 1175 301 1236 erat
331 1169 449 1236 amicus
476 1169 543 1236 sire
571 1169 738 1253 epiecopus
769 1169 835 1232 sire
866 1169 1022 1252 presbiter
1051 1170 1116 1236 eive
1138 1175 1330 1241 constitutus

182 1277 215 1340 iu
248 1275 356 1358 aliqua
378 1271 556 1359 dignitate,
587 1273 642 1358 qui
670 1272 870 1357 pervertebat
902 1272 969 1340 vias
997 1295 1086 1352 auae,
1118 1277 1253 1344 siceum
1278 1280 1330 1346 fu·

181 1379 328 1467 giebam,
360 1381 397 1442 ut
425 1378 553 1462 penitus
583 1399 647 1443 non
682 1378 814 1442 facerem
844 1377 911 1460 ejus
935 1379 1129 1444 memoriam.
1175 1381 1267 1448 Unde
1295 1385 1330 1449 in

143 1482 372 1550 roPolicrutico
403 1481 438 1548 L.
470 1479 517 1548 IX
546 1483 647 1548 fertur
676 1482 803 1547 beatum
838 1481 1059 1548 Hierouimum
1090 1489 1155 1549 tres
1182 1510 1331 1555 amensa
1466 1513 1470 1526 ·

182 1588 312 1654 clericos
334 1587 520 1666 exclusisse,
544 1587 619 1672 quia
646 1587 733 1670 ipsoa
755 1585 981 1672 incompositos
1004 1587 1094 1667 vidit,
1118 1589 1242 1657 diceus:
1271 1593 1329 1658 ho·

183 1697 274 1760 nesto
296 1697 329 1759 et
351 1693 443 1778 gravi
465 1694 553 1770 viro,
581 1693 616 1757 iu
646 1693 712 1775 ejus
742 1692 902 1757 consortio
925 1691 1063 1776 aliquem
1085 1692 1332 1781 incompositum

184 1797 332 1878 inveniri,
354 1803 448 1882 turpe
470 1802 518 1864 est
540 1801 573 1862 et
595 1818 658 1862 nou
681 1797 779 1865 decet

445 1971 502 2037 De
524 1993 625 2036 auro
647 1974 689 2036 et
710 1970 898 2055 plumbo,
922 1971 995 2037 dial.
1023 1974 1073 2037 19.

145 2129 171 2172 u
273 2113 324 2179 Ad
352 2135 463 2180 aurum
494 2110 659 2196 plumbum
690 2109 866 2176 animatum
896 2111 1050 2195 processit
1077 2111 1206 2180 diceus:
1236 2137 1334 2200 quare

186 2218 329 2304 superbis
354 2221 464 2284 eontra
486 2214 559 2282 me?
591 2235 696 2280 uonue
727 2235 787 2300 ego
817 2215 854 2278 de
882 2215 1016 2281 materia
1038 2219 1240 2284 metallorum
1262 2241 1333 2286 sum

186 2324 269 2389 deut
291 2326 324 2388 et
345 2325 406 2387 tut
430 2322 503 2400 Qua,
521 2321 559 2386 de
580 2341 675 2386 eausa
696 2341 746 2384 me
768 2319 892 2404 spernis
915 2323 947 2384 et
969 2341 1034 2385 uon
1057 2321 1123 2400 ris,
1154 2331 1190 2388 ut
1213 2323 1273 2388 aim
1296 2325 1332 2390 iu

187 2429 306 2494 mundo
328 2425 541 2511 appretiatum
565 2429 601 2490 ut
623 2426 683 2489 tu?
706 2423 827 2490 Accede
849 2425 888 2489 ad
911 2446 960 2489 me
983 2427 1015 2488 et
1037 2426 1137 2510 proba
1159 2430 1332 2494 lamecum

186 2533 220 2598 in
243 2535 333 2619 igue,
357 2536 390 2598 et
412 2529 533 2596 videbis
556 2529 716 2608 virtutem,
740 2548 810 2613 quae
832 2528 866 2592 iu
888 2549 938 2593 me
961 2533 1078 2594 manet.
1124 2527 1180 2596 uui
1205 2552 1335 2598 aurum:

147 2653 173 2693 rc
187 2638 270 2716 seio,
301 2637 417 2712 frater,
448 2634 531 2719 quod
554 2633 718 2698 metallum
742 2634 799 2712 sis,
824 2633 906 2699 sicut
928 2655 997 2698 sum
1022 2654 1090 2718 ego.
1136 2635 1267 2701 Creator
1288 2637 1336 2704 ita

186 2745 220 2808 te
242 2741 362 2807 creavit
383 2741 466 2806 siout
485 2743 517 2804 et
540 2760 590 2804 me
612 2741 645 2804 et
667 2737 713 2803 sic
734 2759 855 2804 maneo.
901 2735 975 2803 Non
998 2739 1083 2804 enim
1106 2739 1166 2805 tibi
1185 2740 1335 2824 injuriam

185 2846 278 2924 lucio,
302 2846 379 2912 tolle
402 2844 485 2929 quod
509 2847 600 2908 tuum
622 2850 670 2908 est
692 2847 725 2906 et
747 2843 825 2908 vade
847 2847 880 2907 et
905 2843 971 2908 uoli
994 2865 1115 2910 mecum
1131 2846 1342 2924 contendere,-

187 2951 265 3036 quia
284 2951 317 3016 in
339 2950 486 3017 omuibus
509 2947 635 3032 probari
658 2969 715 3014 uos
745 2951 886 3032 oportet,
914 2949 1007 3032 juxta
1039 2950 1168 3016 verbum
1197 2949 1335 3036 apostoli

186 3056 292 3141 prima
313 3056 352 3121 cd
373 3055 482 3122 These.
505 3051 570 3121 V⁰:
591 3053 698 3118 omniu
727 3058 834 3118 autem
857 3053 999 3138 probato,
1027 3054 1110 3139 quod
1133 3054 1252 3120 bouum
1273 3061 1334 3134 est,

148 3153 302 3230 ”tenete
350 3159 472 3228 Accede
493 3159 532 3224 ad
555 3156 662 3243 Quem
689 3159 722 3222 et
743 3179 852 3242 pugna
875 3179 995 3223 mecum
1017 3162 1049 3223 et
1071 3163 1149 3224 tuuc
1170 3159 1337 3244 apparebit

187 3268 289 3334 virtus
321 3271 376 3332 tua
408 3269 440 3330 et
471 3262 613 3329 victoria.
659 3259 801 3346 Cumque
831 3262 863 3326 in
898 3263 972 3346 igne
1002 3262 1097 3327 simul
1120 3264 1336 3343 convenirent,

189 3371 355 3458 plumbum
380 3368 585 3454 liquefactum
608 3370 656 3432 est
678 3369 711 3432 et
733 3365 879 3445 evanuit,
904 3387 1015 3430 aurum
1039 3388 1112 3432 vero
1134 3367 1338 3451 purificatum

189 3477 269 3544 exiit
290 3475 414 3542 diceus:
437 3479 513 3538 sunt
535 3472 603 3538 siue
626 3471 745 3536 uirtute
762 3471 857 3536 verba
871 3491 953 3536 vanu
975 3475 1007 3536 et
1023 3471 1168 3554 superba,
1191 3473 1237 3537 sic
1252 3472 1338 3536 euim

190 3581 339 3648 uouuulli
361 3577 507 3664 superbi,
538 3577 612 3642 veui
641 3581 673 3641 et
703 3575 781 3642 elati
803 3579 920 3660 putant
940 3575 974 3641 in
999 3597 1032 3642 se
1053 3575 1171 3642 habere
1194 3577 1337 3656 virtutes,

151 3702 178 3740 ω
191 3707 270 3770 quas
292 3705 357 3750 nou
381 3683 508 3761 habent,
532 3686 565 3749 et
588 3683 656 3746 ideo
679 3681 706 3744 si
728 3685 943 3764 temptantur,
966 3681 1005 3747 ed
1029 3679 1166 3746 nihilum
1188 3681 1338 3768 redigun-

191 3795 246 3858 tur
267 3787 367 3854 veluti
391 3787 555 3874 plumbum
578 3786 610 3852 iu
635 3787 719 3870 igue.
765 3783 851 3870 Ergo
878 3785 906 3848 si
930 3785 976 3850 vie
999 3785 1155 3870 pretiosus
1176 3807 1243 3851 essa
1264 3789 1340 3850 aute

190 3897 298 3964 oeulos
324 3893 464 3970 domini,
504 3891 595 3956 stude
627 3891 660 3956 iu
695 3888 795 3955 oculis
826 3890 890 3954 tuis
920 3889 1013 3955 vilior
1047 3911 1207 3975 apparere.
1253 3889 1338 3966 Qua-

189 4005 319 4087 propter
341 3997 420 4067 dicit
442 3995 616 4062 Ysidorus:
647 3997 714 4060 esto
746 3993 896 4078 parvulus
928 3995 961 4060 iu
995 3995 1095 4060 oculis
1117 3996 1197 4072 tuis,
1230 3998 1266 4059 ut
1295 3994 1339 4060 sia

189 4126 325 4191 magnus
353 4104 388 4169 in
418 4102 518 4168 oculis
550 4099 690 4176 domiui3
723 4102 815 4163 tanto
846 4099 908 4164 eris
940 4103 1013 4164 aute
1036 4098 1138 4164 Deum
1160 4095 1371 4184 pretiosior,‘

152 4229 178 4268 εδ
192 4213 312 4296 quanto
334 4207 433 4274 fueris
456 4211 531 4271 aute
552 4205 662 4270 oculos
684 4208 756 4268 tuos
782 4204 980 4288 despectior,
1010 4204 1086 4287 quia
1114 4204 1171 4288 qui
1193 4203 1254 4269 sibi
1278 4203 1340 4288 ipsi

191 4315 263 4380 vilis
294 4317 360 4391 est,
392 4311 478 4397 apud
501 4309 603 4376 Deum
634 4329 771 4395 maguus
801 4313 857 4372 est.
902 4306 946 4372 Et
976 4312 1024 4373 ut·
1042 4307 1118 4374 dicit
1150 4306 1338 4392 Gregorius:

192 4423 313 4506 quanto
342 4438 448 4484 coram
479 4415 578 4481 oeulis
610 4415 674 4480 tuis
704 4413 766 4480 eris
796 4412 987 4502 gloriosior,
1019 4417 1110 4479 tauto
1136 4433 1242 4480 coram
1272 4412 1340 4480 Deo
