3146 4962
677 338 740 402 aod

410 512 467 578 De
488 513 609 578 asino
630 517 671 578 et
693 513 815 592 bove,
839 511 911 576 dial.
938 513 1009 576 112.

226 653 288 717 Bos
317 658 350 717 et
379 653 487 718 asinus
521 676 591 718 cum
625 653 759 738 quodam
792 651 910 716 rustico
943 652 1150 718 morabantur
1179 645 1284 727 simul,

140 758 195 842 qui
218 779 269 822 eos
292 759 454 841 splendide
476 760 661 838 saturabat,
691 758 745 824 sed
768 759 955 843 quandoque
977 779 1029 822 eos
1053 756 1213 822 laboribus
1235 755 1283 820 ia-

140 862 265 949 tigabat
287 868 319 928 et
341 865 513 932 aculeabat.
561 863 699 940 Quadam
733 869 838 930 autem
861 864 927 928 vice
950 864 1086 928 rusticus
1109 859 1286 927 verberarit

112 968 272 1046 resinam,
297 969 352 1052 qui
374 971 578 1054 perturbatus
602 971 660 1036 ivit
683 971 722 1036 ad
745 971 856 1036 bovem
873 971 995 1036 dicens:
1020 969 1095 1054 quid
1111 967 1284 1033 faciemus?

139 1076 201 1139 iste
224 1074 379 1140 bubulcus
402 1077 495 1141 caedit
516 1099 573 1141 noa
595 1081 627 1141 et
649 1077 783 1162 fatigat,
815 1076 975 1162 fugiamus
1007 1073 1140 1156 abipso
1163 1076 1195 1136 et
1218 1071 1286 1135 eine

136 1179 215 1264 jugo
238 1201 440 1256 maneamus;
469 1181 598 1266 juvenes
625 1182 709 1245 enim
733 1203 842 1246 sumus
864 1187 896 1246 ct
918 1178 1187 1266 quamplurimum
1211 1197 1285 1240 oon·

140 1286 276 1372 gaudere
298 1309 473 1370 possumus.
520 1285 605 1351 Dum
623 1291 739 1352 -aurem
769 1286 807 1350 de
837 1286 930 1351 domo
963 1284 1143 1350 recederent
1168 1284 1201 1343 ct
1231 1297 1287 1360 per

143 1412 257 1474 pascua
279 1391 441 1469 saltarent,
470 1393 604 1457 nimium
628 1392 829 1457 latabantur.
876 1390 1003 1456 Interea
1025 1411 1088 1454 nox
1111 1384 1287 1470 caliginosa

103 1527 129 1564 m
144 1497 271 1562 advenit
294 1502 326 1561 e't
348 1499 402 1562 isti
418 1499 692 1582 conquerebantur
708 1499 802 1562 simul
819 1499 975 1563 dicentes:
1000 1493 1136 1579 qualiter
1152 1489 1286 1554 dormie-

143 1605 238 1667 mus?
263 1603 365 1668 bovile
388 1625 452 1667 uon
476 1604 636 1683 habemus,
660 1613 697 1669 ut
719 1604 806 1668 soliti
829 1625 962 1681 eramus,
986 1600 1098 1667 melius
1114 1599 1198 1662 certe
1220 1596 1288 1658 erat

143 1708 417 1792 sustinerequam
441 1710 592 1774 recedere.
639 1707 717 1774 Cum
748 1713 855 1774 autem
877 1730 971 1794 super
994 1707 1125 1771 humum
1149 1701 1287 1786 jacerent

144 1813 306 1896 cupientes
328 1814 516 1892 obdormire,
539 1836 608 1880 eece
630 1815 723 1899 lupus
747 1815 842 1898 coepit
863 1814 970 1899 rugire
993 1815 1025 1878 et
1046 1811 1103 1874 hos
1126 1806 1287 1878 infestare,

143 1917 191 1983 ita
212 1919 296 2003 quod
319 1924 498 2004 periciam
521 1925 646 1985 noctem
668 1942 733 1984 nou
756 1920 953 1986 dormierunt
976 1919 1131 1984 dicentes:
1156 1931 1219 1976 non
1240 1911 1288 1972 est

105 2053 131 2091 ιι
145 2024 263 2088 bonum
288 2025 332 2089 sic
355 2047 547 2108 permanere,
571 2027 623 2091 sed
647 2049 717 2092 cum
739 2027 910 2111 pecudibus
932 2045 989 2090 nos
1012 2021 1182 2094 sociemus,
1209 2035 1288 2098 quo·

144 2131 229 2194 niam
262 2131 395 2214 protecti
425 2131 541 2195 erimus
571 2131 792 2215 apastoribus
823 2135 855 2195 et
887 2130 1027 2195 canibus.
1080 2124 1221 2205 Cumque
1250 2118 1287 2182 ad

144 2255 273 2320 gregem
297 2235 588 2320 appropinquarent
610 2237 772 2320 cupientes
797 2258 869 2301 cum
880 2237 919 2300 iis
934 2235 1024 2300 edere
1039 2253 1074 2297 ac
1090 2230 1287 2314 pernoctare,

145 2345 287 2426 pastores
305 2340 388 2423 ipsos
411 2342 599 2425 expulerunt
622 2364 658 2406 ae
680 2341 923 2427 firstigaveruut‚
947 2339 1010 2424 ipsi
1033 2357 1105 2406 vcro
1129 2333 1289 2418 plorantes

144 2467 216 2510 cum
239 2445 374 2530 quodam
397 2449 515 2512 rustico
538 2449 821 2526 concordaverunt,
846 2449 900 2530 qui
923 2467 974 2511 eos
998 2437 1288 2528 quamplurimum

106 2579 132 2617 ro
145 2552 340 2638 aggravabat
371 2556 403 2616 et
432 2553 513 2616 male
543 2554 698 2636 pascebat.
744 2550 835 2617 Unde
867 2548 1046 2634 compuncti
1069 2543 1185 2610 rerer'si
1214 2543 1291 2605 sunt

17 2701 20 2710 .
145 2659 184 2723 ad
206 2658 343 2741 priorem
366 2661 485 2722 statum
508 2658 663 2722 dicentes:
682 2658 793 2724 melius
817 2663 865 2723 eet
879 2657 965 2723 domi
980 2673 1107 2719 manere
1123 2670 1216 2734 quam
1233 2667 1288 2729 per

146 2763 296 2826 mundum
320 2761 365 2825 sic
386 2783 510 2844 vagare.
557 2759 595 2826 In
611 2762 669 2827 hoc
686 2783 850 2846 possumus
867 2767 986 2840 notare,
1011 2758 1095 2844 quod
1112 2751 1288 2840 perieulum

145 2871 194 2931 est
217 2867 413 2952 peregrinari
436 2889 472 2932 ao
495 2867 622 2931 deloco
646 2888 702 2931 suo
725 2868 867 2932 recedere
889 2873 921 2932 et
944 2867 978 2931 iu
997 2865 1100 2931 alieno
1123 2855 1288 2942 hospitari.

147 2971 272 3036 Dicitur
295 2972 377 3036 enim
395 2971 484 3050 Eccl.
510 2970 633 3038 XXIX:
663 2973 730 3036 vita
758 2994 894 3056 nequam
923 2969 1107 3056 hospitandi
1137 2962 1289 3030 dedomo

107 3103 133 3142 aa
147 3078 181 3140 in
204 3076 341 3140 domurn.
387 3076 445 3142 Est
468 3079 562 3142 etiam
583 3077 695 3142 melius
718 3081 750 3141 et
765 3076 876 3141 utilius
892 3076 959 3160 pati
976 3071 1105 3157 aliquod
1120 3085 1291 3155 gravamen
1332 3122 1334 3130 .

146 3204 278 3266 parvum
309 3205 404 3267 quam
435 3184 590 3248 sustinere
621 3185 739 3267 majus,
771 3187 804 3247 et
831 3204 903 3247 cum
936 3182 1030 3246 homo
1061 3172 1181 3260 aliquid
1203 3167 1290 3244 facit,

13 3275 14 3278 Ἴ
146 3309 269 3372 semper
292 3286 385 3350 debet
407 3289 613 3368 considerare,
638 3290 713 3374 quid
737 3289 797 3353 sibi
820 3288 894 3353 inde
917 3291 1021 3371 potest
1044 3281 1177 3347 evenire.
1222 3273 1290 3339 Uu-

147 3396 184 3458 de
202 3394 345 3477 sapiens:
362 3392 510 3477 quicquid
526 3415 612 3478 agas,
628 3393 799 3478 prudenter
811 3415 886 3480 agas
902 3398 935 3457 et
947 3389 1066 3473 respice
1081 3385 1192 3458 finem3
1208 3379 1292 3444 ferre

148 3501 271 3564 minora
293 3497 372 3576 volo,
397 3520 436 3561 ne
458 3498 605 3582 graviora
628 3498 738 3563 feram.
783 3497 875 3564 Unde
898 3497 1029 3572 dicitur,
1054 3489 1137 3575 quod
1165 3484 1293 3571 quidam

108 3631 133 3668 so
149 3605 264 3670 milvus
287 3603 426 3689 graviter
448 3603 636 3668 molestabat
658 3603 818 3668 columbas
841 3603 966 3686 rapiens
989 3619 1061 3664 suos
1084 3594 1197 3680 pullos.
1232 3587 1292 3652 Oo-

148 3709 263 3774 lumbae
286 3730 359 3773 vero
382 3708 553 3793 aliquando
576 3731 608 3772 se
631 3709 842 3773 defendebant
863 3714 896 3772 et
918 3704 1129 3791 percutientes
1146 3719 1217 3763 eum
1233 3694 1292 3759 alis

148 3816 212 3880 suis
234 3813 399 3879 recedebat
431 3813 556 3897 quaudo
589 3813 740 3896 rapiebat.
787 3813 927 3876 Tandem
959 3809 1101 3874 feceruut
1126 3801 1293 3869 consilium

14 3909 15 3912 ¹
148 3929 180 3984 et
202 3927 390 4002 acceperuut
412 3919 473 3982 sibi
503 3919 537 3982 in
560 3940 665 4004 regem
697 3919 879 4001 accipitrem
902 3917 1067 4002 pulsurum
1088 3911 1173 3976 bella
1194 3905 1294 3982 milvi,

14 4029 15 4036 ’
149 4047 203 4090 rex
226 4027 330 4089 autem
368 4023 464 4107 ooepit
488 4023 589 4107 magis
622 4043 732 4088 nocere
762 4045 856 4107 quam
878 4019 989 4099 hostia,
1013 4016 1187 4101 accipiebat
1209 4011 1295 4077 enim

114 4151 139 4188 as
153 4129 294 4213 quotidie
317 4151 412 4192 unam
436 4129 473 4192 de
496 4129 719 4214 pinguioribus
750 4132 781 4193 et
805 4127 995 4194 comedebat.
1041 4121 1201 4189 Columbae
1225 4139 1297 4184 vero

150 4238 313 4319 coeperunt
324 4235 474 4318 conqueri
486 4235 524 4298 de
537 4255 611 4320 rege
623 4255 658 4299 ac
670 4235 783 4310 dicere,
801 4232 884 4316 quod
896 4231 1003 4296 sanius
1013 4234 1096 4295 esset
1106 4226 1190 4291 bella
1205 4222 1295 4288 milvi

148 4341 215 4425 pati
246 4361 341 4425 quam
372 4342 451 4406 mori
484 4339 655 4406 crudeliter
679 4361 716 4405 ae
737 4340 807 4404 sine
830 4337 1020 4402 defensione.
1066 4332 1177 4398 Videri
1200 4330 1295 4396 etiam
