3172 4958
702 355 743 418 97

147 525 290 590 donasse.
335 523 398 589 Pro
428 545 465 590 eo
494 527 650 609 siquidem
683 549 755 592 vere
778 526 918 592 liberalis
940 529 1086 611 precibus
1108 529 1243 608 tribuit,
1272 531 1300 594 si

148 628 232 713 qaod
255 628 352 694 donat
374 633 465 714 grate
486 631 675 715 suscipitur,
699 635 732 696 et
754 632 857 717 magis
879 635 1054 718 suscepisse
1077 657 1110 700 se
1129 635 1296 718 judicabit.

149 733 285 819 Propter
307 734 368 798 hoc
389 757 408 798 a
430 738 522 820 grato
545 757 609 800 ncn
633 735 720 800 aliud
742 735 882 820 exigitur
905 759 999 820 quam
1023 738 1098 817 hcc,
1121 739 1204 821 quod
1221 761 1300 825 gau-

150 839 237 905 dicse
258 841 404 924 suscepit.
452 839 557 925 Igitur
580 841 720 907 liberalis
731 841 897 905 abscondit
918 841 1041 923 faciem,
1064 842 1150 928 fugit
1165 844 1300 922 laudem,

122 963 137 1002 ⁶
151 945 273 1010 nullam
284 945 403 1030 repetit
411 945 598 1010 exteriorem
612 945 796 1012 mercedem.
830 943 1013 1029 Numquam
1026 952 1139 1032 patens
1154 947 1164 983 ¹
1184 952 1233 1013 est
1244 971 1302 1013 na-

150 1056 224 1117 tura
245 1049 457 1136 germiiicans,
481 1051 550 1116 auri
572 1049 795 1116 liberalissima
816 1054 882 1116 tam
906 1051 1064 1137 profunda
1087 1075 1175 1133 vena,
1199 1053 1302 1118 virtus

150 1155 336 1242 pcmiiicans
358 1155 430 1220 coeli
452 1155 631 1234 beneficiis3
664 1160 696 1222 et
728 1156 840 1241 auriga
862 1179 968 1222 nonne
991 1158 1156 1228 abscondit
1178 1157 1302 1236 faciem,

150 1283 192 1326 ne
206 1264 369 1345 tamquam
393 1260 551 1325 visibilem
566 1261 702 1347 gloriam
724 1262 887 1346 exigentes
910 1263 1126 1347 improperent
1141 1263 1302 1339 donatam,

151 1366 289 1432 maxime
311 1387 381 1449 quae
402 1363 565 1431 fuderunt.
611 1365 717 1450 Igitur
739 1371 854 1430 natura
878 1370 911 1430 et
932 1366 1034 1431 uirtus
1057 1388 1123 1433 non
1139 1366 1303 1452 infaciem

112 1487 140 1526 1⁰
153 1470 310 1549 tribuunt,
336 1471 411 1553 quia
433 1491 491 1536 nec
513 1491 580 1534 rem
603 1491 662 1534 nee
683 1470 808 1536 laudem
832 1471 1026 1536 extrinsecus
1050 1493 1108 1556 pro
1124 1470 1305 1538 virtualiter

153 1575 234 1640 fusis
262 1574 446 1640 muneribus
470 1574 647 1659 cupierunt
693 1573 814 1650 Quibus
836 1575 929 1642 dictis
952 1575 1022 1641 vale
1045 1576 1152 1642 addito
1175 1577 1304 1661 quievit.

153 1749 452 1830 Proverbium,
494 1751 603 1834 quod
640 1749 849 1816 liberalis
886 1751 1101 1830 omnibus,
1150 1749 1305 1834 quibus

565 1857 722 1939 potest,
753 1855 894 1921 donat.
1018 1895 1019 1898 =

344 2010 399 2076 De
421 2013 598 2076 terrast
621 2009 754 2094 primo
777 2011 948 2090 mobili„
971 2033 1037 2096 cap.
1063 2015 1114 2075 21.

117 2179 144 2218 rs
246 2148 434 2234 Adspiciens
458 2153 554 2229 terra,
578 2149 661 2234 quod
685 2125 823 2236 prinlum
845 2151 963 2215 mobile
985 2155 1100 2235 praeter
1118 2173 1151 2216 se
1166 2173 1306 2216 commu·

158 2255 264 2320 nicato
286 2259 376 2321 motu
398 2255 534 2320 diurna²
557 2259 672 2321 cuncta
688 2277 791 2320 secum
810 2256 946 2321 visibilia
968 2261 1103 2341 raperet,
1131 2257 1238 2321 locuta
1260 2259 1309 2319 est

157 2361 186 2425 ei
218 2359 341 2424 dicens:
375 2365 411 2423 ut
446 2359 521 2443 quid
552 2359 710 2444 inquietas
740 2363 865 2424 tantum
896 2361 1027 2425 omnia?
1060 2358 1123 2424 Cur
1151 2360 1210 2424 tibi
1243 2380 1309 2422 nou

158 2463 277 2528 sufficit
300 2467 422 2528 motum
446 2469 537 2528 tuum
560 2463 692 2528 influere
712 2468 839 2529 tantum
855 2463 934 2528 unii
958 2463 1004 2529 At
1019 2463 1100 2528 illud
1115 2463 1308 2548 respondens

159 2569 292 2654 desuper
313 2567 410 2632 dixit:
435 2568 513 2633 bene
536 2569 642 2634 locuta
660 2591 692 2633 es
708 2569 791 2634 sicut
808 2581 902 2648 terra,
926 2569 1059 2636 obscura
1075 2568 1243 2646 dementia,
1261 2571 1309 2631 te-

120 2701 147 2740 sc
161 2674 300 2738 nacitate
322 2673 427 2754 arida,
458 2673 631 2757 cupiditate
661 2678 814 2758 perpetue
836 2675 1006 2740 sitibunda.
1053 2673 1126 2739 Non
1158 2672 1310 2750 attendis,

160 2777 244 2862 quod
266 2781 371 2842 meum
394 2777 574 2862 inquietare
596 2782 644 2842 est
667 2779 848 2858 nobilitare,
871 2802 976 2846 meum
998 2801 1123 2845 movere
1140 2777 1311 2844 clarificare

160 2905 196 2949 ac
232 2905 338 2948 meum
376 2905 487 2966 rapere
522 2882 743 2948 liberalissime
780 2885 822 2949 sit
856 2884 994 2949 donare?
1028 2883 1184 2950 Omnibus
1215 2883 1311 2960 enim,

161 3009 230 3071 quae
254 3009 376 3052 mecum
400 2991 583 3066 moventur,
615 3010 718 3052 meam
741 2993 888 3054 naturam
914 2990 1129 3076 communico,
1160 2989 1312 3054 uirtutem

162 3097 270 3157 natam
293 3091 451 3175 impendo,
475 3091 635 3176 propriam
656 3093 873 3158 causalitatem
890 3093 1055 3159 distribuo.
1102 3092 1170 3159 Aut
1185 3092 1312 3176 quidem

122 3223 149 3264 ao
164 3199 192 3264 si
214 3197 297 3263 forte
329 3197 385 3261 uni
413 3196 463 3261 vel
486 3197 595 3281 paucis
617 3197 775 3280 impertiri
798 3199 1057 3282 superabundans
1080 3219 1185 3262 meum
1208 3196 1313 3261 illibe-

162 3303 272 3368 raliter
293 3303 480 3369 beneficium
507 3301 645 3381 voluisti,
668 3304 746 3366 tunc
769 3301 848 3366 mihi
871 3301 950 3366 aut³
974 3303 1045 3367 aliis
1069 3301 1238 3366 crudeliter
1257 3301 1312 3388 in-

162 3408 279 3475 vidisti.
326 3405 510 3485 Considera,
543 3427 666 3490 quaesc,
701 3407 784 3490 quod
807 3406 889 3470 sicut
910 3407 1087 3471 universale
1108 3406 1239 3489 recipit,
1270 3405 1315 3469 sic

164 3511 351 3577 uniuersalis
384 3512 486 3576 virtus
524 3509 734 3575 communiter
772 3509 848 3594 agit.
906 3507 1012 3596 Igitur
1050 3509 1314 3593 quemadmodum

164 3637 239 3681 vera
260 3615 388 3702 justitia
411 3619 459 3680 est
489 3615 528 3679 ad
551 3637 679 3691 omnes,
711 3613 758 3678 ita
788 3613 997 3679 beneficentia
1024 3614 1124 3679 libera
1154 3615 1315 3679 derivatur

124 3722 204 3787 acad
233 3743 350 3786 omnes.
396 3719 481 3786 Nam
512 3719 734 3784 liberalissimo
763 3718 852 3782 radio
885 3718 991 3803 'l'ytan
1023 3723 1136 3783 cuncta
1166 3717 1317 3802 respersit

164 3848 222 3893 nec
245 3848 386 3910 unquam
407 3824 569 3889 effusionis
593 3845 656 3888 suae
672 3823 847 3909 splendoris
864 3823 1017 3888 terminos
1040 3823 1204 3888 coartavit.
1251 3823 1315 3886 He·

164 3953 223 4016 par
252 3929 408 3995 uniuersis
434 3927 585 3994 membris
609 3928 797 4014 sanguinem
826 3927 958 3992 cibalem
991 3927 1172 4006 distribuit,
1202 3931 1235 3992 et
1265 3949 1318 3992 cor

164 4035 294 4100 vitalem
310 4055 459 4118 uaporem
483 4053 540 4117 per
552 4037 666 4098 cuncta
689 4031 846 4116 perflavit,
871 4053 997 4096 sensum
1017 4033 1179 4097 cerebrum
1195 4033 1318 4098 cunctis

149 4139 274 4232 'influit
295 4144 327 4204 et
341 4142 444 4204 totum
461 4135 637 4202 liberaliter
653 4158 766 4222 corpus
782 4137 944 4201 subditum
958 4135 970 4171 ⁴
993 4139 1100 4202 vivum
1117 4137 1204 4203 facit.
1251 4135 1318 4222 lgi-

736 4239 752 4276 ἸΙ

239 4331 252 4384 1
271 4329 395 4384 Andere:
412 4325 558 4397 Numquid
576 4328 682 4398 potens.
719 4325 735 4380 2
755 4323 879 4379 Andere:
899 4323 1003 4382 divino.
1052 4327 1212 4382 SAndcre:
1232 4325 1317 4381 baud.

166 4418 185 4474 4
201 4417 327 4474 Anderc:
344 4414 482 4473 subitum.

219 4521 382 4567 consumes
1090 4507 1109 4572 7
