3058 4946
686 315 728 379 89

120 487 181 572 ipsi
205 509 276 553 non
308 489 512 566 diffitemini,
545 486 620 572 qnid
644 508 730 552 nunc
751 487 839 552 illius
862 485 934 552 odio
956 484 1117 570 pontifex,
1148 484 1203 570 qui
1227 504 1280 550 vos

118 595 184 657 tam
210 595 361 676 graviter
382 600 414 658 et
437 592 561 658 adflixit
583 595 616 656 et
642 591 826 670 ludificavit,
851 593 1097 675 propugnatur?

204 697 331 774 Quodsi
359 698 524 764 ferendum
553 697 649 761 fuisse
678 697 799 780 putetis
822 695 1014 777 Lutherum,
1044 695 1136 762 modo
1159 695 1279 764 consti-

119 802 211 866 risset
234 803 327 868 iutra
349 803 503 888 ejusmodi
518 803 667 866 vitiorum
683 802 969 886 reprehensionem,
994 823 1078 866 nuno
1093 823 1176 880 vero,
1204 801 1280 885 qnia

119 907 249 991 longius
286 910 331 972 sit
367 913 537 996 evagatus,
570 908 665 972 oliam
689 929 756 972 esse
778 908 934 972 rationem
957 907 1161 987 existimatis,
1195 907 1278 972 nihil

118 1017 201 1077 certe
224 1017 369 1078 vestrum
392 1014 453 1080 hoc
474 1019 601 1079 excusat
624 1012 878 1092 cunctationem,
912 1019 967 1078 aut
988 1014 1191 1091 tarditatem,
1222 1013 1278 1097 qni

117 1139 163 1192 ea,
187 1139 331 1201 quorum
356 1117 411 1183 ille
435 1141 490 1184 ros
512 1119 687 1196 admonuit,
711 1139 842 1202 quaeque
863 1140 918 1183 vos
945 1125 1029 1183 recte
1050 1119 1215 1202 judicastis
1237 1117 1277 1182 eb

17 1307 19 1318 ,
120 1224 188 1306 ipso
218 1224 324 1289 fuisse
355 1224 530 1308 patefacta,
566 1246 630 1289 non
661 1224 854 1290 emendastis
886 1223 919 1287 iu
949 1224 1034 1289 hunc
1062 1245 1162 1306 usquc
1185 1223 1275 1288 diem.

17 1357 19 1416 p
117 1327 174 1393 Sed
211 1329 396 1414 largiamur
428 1330 488 1396 hoo
522 1329 626 1408 robis,
664 1331 874 1416 longinquam
902 1327 992 1394 illam
1025 1327 1278 1413 progressionem

17 1433 19 1494 l
119 1431 254 1499 liutheri
279 1435 370 1499 vobis
393 1434 557 1519 displicere
580 1457 643 1499 non
666 1435 793 1518 injuria,
822 1434 985 1498 veniemus
1012 1433 1140 1498 adrem
1165 1433 1276 1516 ipsam,

17 1541 19 1558 ³
118 1539 175 1603 hoo
197 1543 250 1604 est
274 1539 317 1604 sd
345 1561 401 1617 es,
434 1559 504 1622 quse
525 1539 650 1623 publice
681 1544 713 1604 et
743 1541 825 1605 serio
852 1538 990 1623 petiistis
1014 1561 1032 1603 a
1055 1537 1205 1626 pontifice
1227 1537 1276 1602 vel

119 1645 266 1730 mitigari
291 1644 342 1709 vel
366 1645 497 1709 omnino
519 1643 599 1710 tolli.
646 1643 747 1722 Certe,
771 1645 854 1728 quod
877 1666 974 1728 supra
997 1643 1144 1721 diximus,
1166 1664 1276 1708 rarum

119 1755 186 1828 est,
210 1751 272 1815 illa
298 1750 406 1814 omnia
428 1753 495 1815 tam
517 1772 584 1815 esse
606 1753 716 1826 taetra,
753 1751 874 1827 fastus,
898 1749 1098 1826 ambitionis,
1123 1748 1274 1826 avaritiae,

119 1853 312 1936 petulantiae
341 1859 374 1918 et
407 1855 590 1938 rapacitatis
621 1855 731 1938 plens,
763 1857 801 1918 ut
831 1876 851 1918 a
880 1855 1006 1918 nemine
1036 1854 1200 1938 potuerint
1227 1853 1277 1918 vel

118 1959 256 2044 cogitari
280 1960 383 2024 solum
407 1959 525 2042 absque
547 1961 677 2038 coelem,
710 1959 862 2024 constitui
894 1981 967 2024 vero
990 1963 1022 2024 et
1044 1959 1187 2024 mandari
1210 1979 1275 2022 non

119 2063 288 2146 potuerint
310 2064 351 2128 ab
373 2063 450 2140 ullo,
475 2065 534 2128 nisi
557 2065 597 2130 ab
620 2064 676 2128 illo
699 2065 777 2149 ipso,
805 2085 898 2148 quem
921 2063 1035 2130 Daniel
1057 2085 1092 2128 ac
1108 2067 1181 2147 post
1204 2084 1276 2127 eum

121 2165 238 2233 Paulus
263 2169 532 2252 praenuntiarunt,
556 2169 726 2254 aliquando
749 2191 903 2236 summam
928 2170 962 2234 in
985 2170 1105 2253 templo
1128 2167 1275 2253 tyranni·

121 2272 189 2336 dem
220 2279 462 2358 occupaturum.
508 2273 579 2338 Nisi
612 2275 696 2340 enim
730 2296 855 2341 ornnem
891 2297 997 2340 veram
1027 2274 1214 2359 religionem
1244 2277 1276 2337 et

121 2398 231 2459 puram
264 2379 445 2444 doctrinam
476 2379 665 2445 extinxisset
696 2383 810 2458 anteo,
842 2401 908 2444 non
936 2379 1061 2464 tulisset
1092 2399 1186 2442 ausus
1209 2379 1274 2442 tam

122 2483 305 2560 execranda,
330 2487 461 2568 tamque
484 2485 649 2550 manifeste
673 2505 734 2549 uon
758 2485 859 2570 impis
881 2485 985 2562 modo,
1010 2484 1062 2549 sed
1087 2487 1120 2548 et
1142 2482 1277 2546 ridicule

122 2607 298 2672 proponere
332 2609 368 2653 ac
403 2591 560 2655 mandore.
614 2589 791 2655 Fuscinatis
824 2593 930 2654 eutem
962 2589 1078 2654 animis
1112 2592 1144 2652 et
1177 2585 1276 2671 impia

123 2689 268 2758 doctrina
290 2693 442 2771 imbutis,
474 2716 539 2758 uon
561 2699 629 2758 erat
652 2693 798 2772 difficile,
831 2694 956 2777 quidvis
979 2698 1012 2759 et
1032 2692 1219 2778 persuadere
1241 2693 1274 2755 et

123 2793 286 2879 imperare.
333 2795 497 2862 Nimirum
530 2798 564 2861 hi
595 2802 671 2862 sunt
701 2797 822 2862 fructus
857 2797 944 2862 illius
975 2797 1143 2876 doctrinae,
1178 2781 1298 2882 quam

121 2906 231 2966 contra
263 2907 458 2986 praeceptum
481 2901 557 2982 Dei,
592 2909 729 2986 quastus
760 2905 866 2990 gratia
895 2925 1023 2987 suaeque
1046 2902 1215 2988 dignitatis
1242 2905 1275 2968 et

124 3001 251 3070 honoris
286 3007 503 3072 constituendi
535 3029 627 3073 causa
662 3009 792 3074 invenit.
848 3011 926 3087 Ques
958 3009 1085 3093 quidem
1120 3007 1272 3086 doctrine,

124 3109 182 3172 nisi
217 3111 334 3176 fuisset
365 3113 553 3198 impugnata
580 3113 746 3198 scripturae
775 3115 967 3180 testimoniis
1006 3118 1039 3178 et
1075 3112 1274 3189 auctoritate,

122 3233 282 3300 quousque
310 3217 439 3281 tandem
468 3219 683 3307 putatiseum
707 3219 804 3284 fuisse
825 3219 1091 3305 progressurum?
1137 3216 1274 3282 Insatia-

122 3317 182 3384 bile
205 3321 359 3404 quiddam
384 3325 431 3386 est
455 3323 596 3402 aemilia,
621 3345 723 3407 neque
745 3324 807 3388 sibi
829 3324 936 3390 frenos
958 3325 1047 3408 injici
1069 3323 1192 3408 patitur
1206 3343 1275 3386 sm·

123 3422 208 3504 bitin,
231 3425 410 3510 presertim
433 3428 559 3510 quando
581 3449 646 3493 non
670 3431 756 3494 deest
779 3451 946 3496 successus.
994 3429 1056 3506 uui
1078 3428 1191 3493 fuisset
1211 3426 1273 3512 igi-

122 3531 172 3592 tur
201 3531 367 3596 immensae
399 3531 582 3617 cupiditatis
615 3537 648 3598 et
674 3535 861 3600 ambitionis
883 3536 1010 3614 modus,
1045 3534 1128 3598 idem
1151 3551 1275 3617 quoque

122 3631 246 3700 iuturus
269 3640 341 3700 erat
361 3637 518 3702 terminus
541 3639 717 3723 imperandi
743 3645 776 3705 et
798 3663 879 3706 nora
911 3639 1052 3725 quotidie
1076 3635 1272 3703 decernendi.

687 3761 706 3801 qr

125 3839 204 3920 kam,
230 3843 336 3909 haben
361 3843 421 3922 die,
445 3867 478 3910 so
501 3847 577 3913 dazd
602 3849 768 3915 verordnet
791 3869 906 3926 waren,
929 3848 997 3914 sich
1020 3851 1058 3912 ab
1074 3847 1184 3911 keiner
1199 3843 1274 3909 Dis·

123 3949 266 4026 putatiou
292 3949 408 4014 wbllen
441 3950 607 4030 schicken,
644 3954 708 4018 und
739 3959 849 4040 negten
875 3953 954 4018 rond
978 3955 1061 4031 auli,
1096 3950 1148 4016 Sic
1171 3969 1273 4014 weren

123 4051 169 4114 nit
192 4054 248 4118 der
273 4053 438 4138 meinung,
462 4077 522 4121 ron
544 4057 607 4123 irer
629 4059 703 4138 lere,
727 4081 790 4124 von
818 4059 903 4124 alten
919 4056 1155 4124 herbruchten¹
1178 4056 1273 4121 breu-

125 4153 199 4222 oheu
222 4157 291 4221 und
321 4158 538 4242 gewonheiteu
571 4163 626 4228 der
653 4163 806 4242 kirchen,
842 4163 954 4249 eynigs
977 4163 1038 4228 fals
1061 4168 1098 4228 zu
1122 4161 1270 4240 weichen,

192 4385 203 4438 l
223 4383 454 4454 flirgebrschteu.
