3146 4962
809 336 871 398 260

263 507 318 592 qui
337 508 463 590 jacebat
495 508 584 591 quasi
616 511 774 586 mortuus,
807 513 838 572 et
867 512 984 592 putans
1014 507 1106 572 illum
1138 513 1299 574 mortuum
1322 509 1416 574 abiit.

262 612 352 677 Tune
375 612 476 676 socius
499 613 660 678 descendit
690 613 729 676 de
752 613 864 677 arbore
894 617 926 677 et
950 613 1096 697 quaesivit
1130 637 1149 678 a
1170 614 1255 678 socio
1286 614 1415 679 dicens:

262 718 337 802 quid
361 717 520 780 consuluit
543 717 605 780 tibi
627 739 718 780 ursus
741 717 773 780 in
798 717 962 782 auricula?
984 717 1041 782 Oui
1059 718 1130 783 ille:
1155 717 1238 782 dixit
1254 717 1344 794 mihi,
1370 740 1412 781 ne

261 843 366 886 eurem
389 822 426 885 de
449 821 508 886 tali
531 823 631 900 socio,
664 821 719 904 qui
743 821 863 886 dimisit
895 844 944 885 me
977 823 1010 886 in
1034 823 1092 887 tali
1115 823 1266 906 periculo.
1312 822 1411 900 Nota,

235 927 346 1010 equod
369 927 501 1003 inimici,
525 931 581 1011 qni
604 927 743 1012 graviter
766 927 850 990 inter
873 948 905 992 se
923 927 1134 1005 offenderunt,
1157 949 1320 1010 nunquam
1337 949 1412 1012 pos-

262 1035 337 1095 sunt
361 1037 479 1096 rectam
502 1053 608 1115 pacem
633 1032 672 1095 ad
695 1030 831 1094 invicem
848 1031 971 1095 habere.
1018 1031 1110 1096 Unde
1125 1054 1182 1115 pro
1198 1032 1409 1098 similitudine

262 1138 432 1216 habemns,
456 1137 539 1220 quod
562 1137 690 1220 quidam
713 1136 849 1200 rusticus
872 1135 991 1199 habens
1015 1136 1116 1200 filium
1140 1137 1270 1202 unicum
1292 1140 1411 1222 permi-

260 1245 320 1320 sit,
353 1247 389 1306 ut
419 1243 479 1307 iret
509 1243 547 1306 ad
569 1242 673 1306 locum
695 1245 728 1305 et
749 1242 886 1318 luderet,
918 1263 1011 1324 quem
1034 1264 1163 1326 serpens
1186 1244 1356 1309 momordit
1380 1249 1411 1309 et

260 1349 375 1414 oceidit
397 1351 429 1411 et
451 1350 592 1430 sepultus
614 1353 661 1411 est
684 1348 829 1430 apposito
853 1347 945 1432 signo
969 1369 1062 1432 super
1076 1349 1209 1412 tumulo.
1256 1349 1405 1414 Rusticus

223 1478 247 1514 ιο
261 1459 366 1518 autem
390 1453 556 1535 explorans
580 1456 613 1516 et
635 1452 847 1530 considerans,
879 1452 906 1514 si
930 1457 1036 1534 posset
1058 1453 1197 1517 occidere
1220 1459 1409 1538 serpentem,

260 1559 384 1624 invenit
407 1580 476 1621 eum
501 1561 534 1621 et
556 1557 629 1620 dum
654 1556 747 1621 vellet
769 1557 909 1621 occidere
921 1561 1112 1640 serpentem,
1136 1558 1223 1644 fugit
1238 1565 1271 1624 et
1285 1561 1409 1624 intrans

260 1665 403 1728 foramen
427 1662 562 1726 abscidit
584 1661 714 1726 caudam
736 1662 819 1745 ejus,
851 1666 882 1726 et
914 1662 1006 1726 factas
1028 1678 1103 1726 sunt
1125 1663 1303 1728 inimicitia
1325 1665 1409 1730 inter

261 1768 413 1833 rusticum
445 1772 478 1831 et
505 1771 691 1849 serpentem.
746 1765 895 1831 Rusticus
919 1772 1025 1831 autem
1049 1767 1237 1851 loquebatur
1259 1770 1298 1833 de
1321 1791 1406 1853 paee,

261 1875 311 1938 eui
334 1894 462 1956 serpens
486 1873 608 1956 inquit:
631 1892 695 1934 non
720 1875 825 1954 potest
846 1871 933 1947 fieri,
963 1872 1046 1954 qnod
1070 1873 1166 1952 diois,
1189 1875 1339 1956 quamdiu
1361 1876 1408 1938 vi-

125 1992 134 1998 ·
222 2001 247 2038 a
261 1978 349 2043 debis
371 1979 528 2042 tumulum
553 1975 612 2040 filii
635 1976 693 2053 tui,
717 1980 749 2039 et
770 1997 829 2061 ego
852 1977 1002 2060 quamdiu
1026 1979 1134 2042 videro
1151 1980 1281 2042 caudam
1297 2003 1407 2058 meam,

261 2105 324 2148 non
348 2088 453 2167 potest
476 2102 541 2146 esse
562 2082 655 2145 firma
676 2103 746 2165 pax.

514 2257 570 2320 De
593 2256 760 2320 damula
782 2258 821 2320 et
843 2256 955 2340 lupo,
980 2258 1053 2322 dial.
1081 2262 1150 2322 109.

349 2397 493 2475 Damula,
517 2402 554 2460 ut
576 2397 652 2461 dicit
675 2396 807 2479 Papiae,
838 2401 886 2461 est
915 2421 1011 2483 capra
1041 2401 1186 2485 agrestis.
1234 2399 1309 2464 Haec
1337 2422 1408 2465 curn

262 2507 462 2587 pernoctaret
485 2524 555 2566 cum
579 2503 713 2586 quodam
735 2502 855 2567 rustico
886 2508 918 2568 et
952 2505 989 2567 de
1021 2505 1145 2587 pascuis
1175 2505 1310 2587 quadam
1343 2507 1408 2570 vice

221 2633 246 2669 no
260 2609 393 2684 rediret,
417 2609 510 2690 lupus
534 2607 673 2670 cucurrit
695 2607 734 2670 ad
757 2629 827 2670 eam
851 2607 974 2672 dicens:
1005 2610 1098 2674 modo
1132 2609 1169 2672 de
1201 2612 1233 2672 te
1264 2613 1408 2674 ventrem

261 2712 409 2795 implebo,
434 2734 502 2776 cum
527 2712 655 2776 eradere
678 2733 742 2775 non
759 2717 857 2795 potes.
904 2713 1041 2778 Damula
1060 2719 1166 2778 autem
1182 2735 1286 2778 eoram
1303 2736 1336 2778 se
1352 2737 1409 2800 ge-

260 2817 414 2882 niculavit
436 2817 561 2881 dicens:
586 2837 663 2901 rogo
686 2820 718 2880 te
741 2838 796 2900 per
819 2815 932 2895 Deum,
957 2819 1040 2901 quod
1066 2818 1233 2902 permittas
1256 2840 1306 2882 me
1322 2820 1410 2902 prius

260 2924 361 2988 redire
383 2925 421 2987 ad
444 2922 534 3000 ovile,
558 2922 665 2987 haedus
687 2944 774 2986 meus
797 2921 890 2987 hodie
913 2945 976 2987 non
1000 2924 1147 3000 laetavit,
1172 2930 1303 3008 propter
1326 2924 1409 3008 quod

259 3029 343 3093 fame
366 3029 497 3093 interire
519 3028 653 3112 poterit,
688 3029 840 3111 promitto
871 3029 956 3092 enirn
986 3029 1064 3107 tibi,
1097 3030 1180 3113 quod
1209 3030 1409 3112 postmodum

221 3157 246 3194 aa
260 3135 300 3198 ad
322 3140 353 3198 te
376 3135 530 3198 remeabo.
578 3131 686 3217 Lupus
717 3154 791 3196 vero
814 3132 984 3217 cogitavit,
1015 3131 1133 3199 habere
1156 3138 1347 3218 utrumque,
1377 3140 1410 3199 et

260 3239 323 3303 ait:
346 3238 423 3303 vade
446 3239 485 3302 ad
508 3237 589 3302 ovile
612 3242 644 3300 et
666 3241 828 3319 capretum
853 3242 955 3302 tecum
978 3239 1180 3321 apportabis,
1204 3239 1298 3321 cupio
1325 3239 1410 3303 enim

258 3345 365 3410 videre
388 3366 459 3410 eum
482 3344 602 3427 atejus
626 3346 657 3407 et
680 3343 728 3406 tui
751 3342 940 3420 miserebor,
973 3344 1026 3408 sed
1049 3330 1170 3408 sinete
1191 3343 1322 3407 evadere
1346 3364 1410 3407 non

259 3450 387 3533 poterit.
434 3449 511 3513 Haee
534 3449 641 3512 omnia
664 3447 790 3511 damula
809 3449 946 3529 juravit,
977 3449 1030 3513 sed
1054 3471 1123 3513 cum
1148 3449 1186 3514 ad
1211 3449 1339 3512 domurn
1360 3470 1410 3512 re·

260 3577 349 3620 versa
371 3537 500 3631 finisset,
533 3553 645 3618 foetnrn
675 3574 766 3616 suum
791 3553 945 3616 enutrivit
976 3557 1008 3616 et
1030 3554 1067 3618 ad
1091 3554 1200 3637 lupum
1227 3573 1293 3618 non
1315 3553 1412 3618 rediit

221 3684 246 3722 so
259 3665 291 3724 et
313 3663 406 3744 lupus
429 3659 663 3724 lamentabatur
685 3658 810 3722 dicens:
845 3659 900 3740 qui
931 3679 1057 3724 securus
1087 3663 1135 3723 est
1157 3679 1194 3722 ex
1217 3679 1313 3736 auro,
1345 3680 1410 3722 non

260 3766 388 3830 amittat
411 3787 468 3849 pro
491 3765 649 3828 thesauro.
697 3761 748 3827 Sic
772 3763 855 3826 enim
879 3763 983 3838 multi,
1007 3786 1076 3830 cunr
1091 3764 1229 3830 habeant
1248 3762 1409 3828 sufficien-

258 3872 347 3949 tiam,
371 3875 503 3956 propter
525 3869 812 3954 concupiscentiam
840 3872 872 3932 et
894 3870 1060 3934 avaritiam
1085 3873 1197 3935 cuncta
1220 3869 1332 3934 volunt
1354 3868 1409 3932 de·

258 3977 377 4061 glutire
399 3980 561 4058 tamquam
584 3974 661 4058 lupi,
686 3973 741 4056 qui
764 3995 926 4057 nunquam
950 3978 1144 4053 saturantur,
1172 3979 1301 4058 propter
1324 3973 1408 4058 quod

258 4102 342 4163 saepe
364 4081 453 4146 vacui
476 4081 641 4160 exsistunt.
689 4077 827 4161 Cupidus
863 4082 895 4142 et
918 4101 1030 4142 avarus
1066 4084 1114 4143 est
1145 4080 1229 4143 sicut
1260 4099 1313 4142 vas
1339 4079 1408 4142 sine

220 4206 246 4244 ss
259 4185 372 4263 fundo,
403 4186 486 4269 qnod
517 4207 681 4269 nunquam
703 4184 863 4266 impletur.
909 4181 1009 4248 Juxta
1031 4183 1110 4247 illud
1127 4183 1243 4249 Eecles.
1261 4182 1308 4247 V:
1333 4205 1407 4247 ava-

258 4312 312 4353 rus
334 4313 398 4355 non
421 4292 606 4374 implebitur
629 4291 770 4372 pecunia.
815 4286 857 4352 Et
889 4289 958 4353 ideo
985 4291 1112 4373 antiqui
1135 4289 1293 4373 principes
1316 4289 1407 4374 cupi-

259 4395 392 4476 ditatem
415 4402 446 4462 et
469 4399 636 4462 avaritiam
659 4397 868 4480 respuebant,
902 4416 965 4458 non
990 4396 1074 4459 enim
1098 4396 1281 4460 ambiebant
1303 4394 1407 4459 domi·
