3160 4960
717 353 754 416 13

155 553 280 598 mecum
304 551 384 594 onus
407 529 475 594 leve
499 528 622 592 salutis.
671 526 792 604 Quibus
817 523 909 588 dietis
932 523 1078 588 recedens
1094 522 1243 588 derisoris
1260 521 1309 588 sui

156 637 258 701 risum
280 634 438 700 convert‘t
461 635 494 696 in
518 633 649 698 luctum.

157 864 248 928 Tuae
294 861 394 944 spei
429 880 621 924 ancoram
664 859 700 921 in
735 857 852 921 bonis
888 857 1112 941 perpetuis
1144 860 1308 922 tantum

655 962 786 1046 ¹fige!

99 1117 145 1180 'u
336 1122 393 1188 De
415 1127 505 1187 ceto
528 1127 567 1186 et
592 1125 722 1184 nauta
744 1120 976 1202 piscatore,
1000 1141 1065 1204 cap.
1091 1123 1120 1182 8.

250 1263 350 1347 Super
374 1264 469 1328 maris
492 1263 610 1326 undam
633 1266 720 1324 cetus
743 1258 971 1343 grandissimus
994 1257 1027 1321 in
1052 1259 1186 1322 insulam
1208 1260 1309 1324 elava-

160 1375 212 1435 tus
237 1392 308 1435 eum
332 1369 429 1433 aridae
452 1369 573 1451 (terrae)
606 1368 742 1451 speciem
764 1365 971 1440 mentiretur,
1005 1363 1144 1447 piscator
1176 1364 1311 1430 raticula

159 1475 316 1540 fluctuans
338 1481 430 1539 terrae
453 1474 585 1558 cupidus
606 1473 640 1536 in
664 1477 791 1556 portum
818 1470 1025 1553 sophisticum
1056 1469 1141 1534 bunc
1164 1471 1309 1553 pervenit

160 1602 294 1664 moxque
316 1580 408 1644 laetus
431 1579 476 1642 ibi
503 1577 693 1643 descendeus
723 1598 833 1660 parum
870 1578 975 1640 levata
1006 1575 1179 1659 puppicula
1202 1598 1307 1653 mauu,

121 1721 147 1758 10
162 1691 252 1770 petra
275 1689 307 1748 et
327 1685 411 1748 ferro
434 1683 543 1768 genito
566 1703 643 1767 rogo
666 1682 725 1746 sibi
749 1682 820 1765 pius
843 1681 938 1762 coepit
962 1679 1065 1743 fovere
1088 1681 1309 1764 corpusculum

161 1789 269 1874 algore
291 1789 445 1874 rigidum,
478 1788 585 1852 labore
614 1787 731 1850 fessum
762 1793 794 1848 et
818 1785 918 1848 esurie
941 1783 1141 1848 desiccatum.
1188 1784 1308 1848 Verum

162 1917 234 1962 cum
259 1895 341 1979 ignis
365 1899 457 1958 acuta
479 1893 623 1956 caliditas
647 1889 840 1954 insensibilis
862 1889 956 1972 piscis
980 1892 1140 1955 transacta
1172 1892 1307 1975 pingue·

162 2001 236 2066 dine
257 1999 384 2064 tandem
406 1999 439 2063 iu
463 2019 589 2061 carnem
612 1996 793 2060 sensibilem
816 1995 1043 2070 descendisset,
1068 1995 1188 2058 ardoris
1211 2017 1306 2058 sensu

162 2105 270 2169 statim
294 2103 378 2187 pisce
410 2107 567 2168 commoto
596 2107 688 2166 terrac
719 2105 839 2164 motuni
861 2100 1022 2164 aestimans
1045 2107 1143 2165 nauta
1165 2101 1310 2184 stupidus

124 2242 149 2280 rs
163 2210 283 2274 relictis
305 2208 450 2272 omnibus
474 2207 613 2276 cucurrit
636 2207 674 2271 ad
698 2206 818 2290 liguum
833 2203 853 2268 ¹.
899 2203 950 2270 Sic
972 2205 1045 2269 iude
1068 2207 1200 2270 veritate
1224 2227 1309 2268 conr-

162 2319 255 2398 perta
284 2317 372 2377 tutus
395 2313 432 2377 de
462 2306 615 2377 barcula’
637 2310 886 2376 lamentabiliter
919 2315 1001 2375 coeto
1035 2311 1133 2375 dixit:
1171 2314 1207 2374 ut
1234 2310 1310 2395 quid

163 2425 291 2483 ostensa
312 2418 438 2504 ingenti
460 2419 543 2484 mole
565 2417 741 2484 stabilitate
754 2417 892 2481 letaliter
904 2415 1055 2480 simulata
1069 2413 1081 2451 ³
1093 2421 1126 2479 et
1137 2419 1209 2479 cute
1224 2415 1310 2499 picta

164 2523 368 2590 mentiebaris
391 2529 423 2588 te
445 2526 594 2607 portum?
622 2523 667 2588 Ni
690 2528 773 2588 certe
796 2521 937 2587 natabile
959 2522 1083 2606 liguum
1106 2522 1214 2586 statim
1238 2543 1311 2605 pro·

163 2629 241 2714 fugo
263 2629 470 2707 subvenisset,
495 2629 528 2693 in
552 2635 584 2694 te
607 2629 816 2695 confidentem
839 2635 965 2712 raptum
990 2625 1095 2690 subito
1118 2648 1180 2690 non
1205 2627 1310 2692 minus

124 2765 149 2803 ec
164 2755 258 2818 quam
273 2734 477 2821 naufragium
491 2735 719 2800 submersisses.
751 2733 810 2798 Oui
825 2733 922 2818 piscis
937 2733 1116 2815 respondit:
1142 2732 1191 2798 Tu
1207 2737 1313 2798 autem

164 2861 261 2922 quare
291 2840 330 2904 ad
360 2841 580 2924 quiescendum
612 2862 706 2924 super
728 2862 795 2905 rem
818 2838 1003 2903 mutabilem
1028 2837 1239 2904 descendisti?
1268 2837 1311 2902 Et

164 2944 236 3010 ills:
259 2951 343 3010 certe
366 2945 440 3030 quia
462 2946 557 3011 tellus
578 2967 645 3010 esse
668 2950 701 3010 et
715 2967 779 3010 non
796 2945 882 3009 aliud
904 2943 1066 3008 videbaris.
1107 2943 1196 3008 Tunc
1211 2945 1308 3010 alter:

164 3052 318 3136 numquid
349 3074 441 3118 omne
470 3054 552 3136 quod
580 3053 705 3118 videtur
727 3053 859 3117 existit?
889 3050 942 3116 An
965 3051 1092 3136 ignoras
1115 3050 1196 3133 quod
1221 3049 1314 3133 plura

164 3157 199 3222 in
223 3158 290 3222 sola
312 3157 362 3222 sui
384 3157 581 3243 apparentia,
605 3179 669 3222 non
693 3156 883 3221 inveritate
906 3155 1120 3219 fraudantur?
1151 3152 1236 3218 Nam
1260 3175 1311 3218 so·

125 3287 150 3326 rs
164 3261 272 3346 phista
292 3263 417 3327 videtur
439 3262 645 3348 philosophus
667 3267 698 3327 et
721 3262 888 3348 hypocrita
910 3265 1046 3325 sanctus.
1086 3259 1222 3342 Propter
1243 3259 1312 3338 boc,

165 3367 335 3444 carissime,
359 3372 395 3456 tu
419 3369 473 3452 qui
496 3371 592 3435 maris
616 3371 721 3435 incola
742 3367 927 3452 periculosis
951 3365 1085 3430 versaris
1108 3365 1141 3428 in
1165 3363 1314 3428 fluctibus

166 3475 198 3537 et
220 3472 372 3556 perniciei
395 3475 507 3538 castris
531 3475 671 3559 undique
695 3475 856 3551 obsessus,
887 3473 922 3536 in
951 3471 1040 3556 liguo
1062 3468 1229 3554 perfragili
1252 3468 1314 3534 cir-

166 3577 332 3655 cumdaris,
356 3598 418 3663 quo
442 3579 593 3643 nimirum
615 3579 650 3642 in
673 3578 860 3642 necessitate
871 3575 1045 3661 confugias,
1069 3573 1119 3639 cui
1143 3579 1174 3638 te
1197 3572 1313 3650 eredas,

167 3705 203 3748 ac
224 3682 279 3747 ubi
302 3684 463 3749 stabilitus
486 3685 635 3764 confidas,
658 3685 747 3769 prius
770 3683 952 3748 ruminante
974 3679 1141 3766 diligentia
1162 3680 1316 3744 videsset

128 3811 154 3850 so
167 3787 254 3856 clara
283 3789 459 3871 prudentiae
491 3789 772 3873 circumspectione
803 3788 957 3852 attendas.
1005 3783 1090 3849 Nam
1120 3785 1147 3847 si
1179 3805 1216 3847 ex
1246 3786 1314 3846 toto

166 3893 262 3958 semel
285 3895 455 3974 erraveris,
479 3901 658 3979 praeventus
682 3899 783 3959 morte
806 3891 1009 3958 correctionis
1031 3890 1091 3954 tibi
1113 3886 1315 3972 postmodum

166 3997 348 4063 nullatenus
383 4000 469 4064 locus
501 4001 572 4065 erit.
629 3999 680 4066 Sic
711 4021 786 4086 ergo
820 4002 926 4066 tutum
957 3997 1133 4063 stabilitate
1163 3998 1316 4078 perpetua

142 4112 310 4186 'quaercns
333 4109 480 4189 portum,
504 4105 589 4171 bunc
612 4106 772 4172 meliorem
797 4109 829 4169 et
850 4105 884 4169 in
908 4104 1000 4169 bonis
1023 4098 1207 4166 melioribus
1229 4097 1315 4181 cpti-

726 4257 743 4296 ἡ(

238 4349 297 4408 ld.
316 4352 335 4406 i.
358 4368 468 4407 navem.
530 4349 692 4407 2Andere:
709 4349 835 4422 parcula.
888 4349 1035 4406 sundere
1053 4344 1209 4416 unrichtig:
1228 4342 1317 4400 stabi·

167 4435 251 4495 litate
267 4437 414 4496 melerata
