3172 4958
734 323 777 387 89

177 497 267 564 donis
290 496 463 563 Alexandri
498 517 590 582 gazas
624 517 744 581 pauper
775 497 828 561 sed
852 496 972 561 virtute
993 494 1163 579 opulentus
1187 494 1325 560 incessit.

176 603 229 668 Ita
260 604 416 688 siquidem
450 624 486 668 eo
520 603 706 686 locupletior
740 603 902 687 majorque
932 601 1114 686 splenduit,
1148 600 1224 683 qnia
1256 600 1328 682 plus

176 707 242 774 fnit
263 708 322 774 hoc
344 708 457 794 ipsum,
482 707 565 792 quod
587 709 727 793 accipere
748 708 861 787 noluit,
886 729 980 791 quam
1003 706 1046 783 id,
1071 705 1153 788 quod
1177 705 1232 768 illc
1253 705 1328 769 dare

176 813 333 900 disposuit
368 817 424 878 ant
460 813 610 898 possedit.
667 814 803 892 Quantis
838 819 942 879 autem
976 815 1059 877 certe
1092 809 1327 876 laudationibus

148 919 266 984 emiris
302 939 426 986 morum
458 918 563 984 cultor
591 917 734 984 Socrates
768 918 949 996 extollitur,
987 917 1041 1001 qui
1073 939 1143 982 cum
1177 914 1327 981 Archelai

175 1024 260 1109 regis
297 1025 375 1089 satis
421 1023 547 1108 quidem
585 1025 709 1110 magnis
743 1025 912 1109 petebatur
948 1023 1133 1109 muneribus
1167 1021 1326 1086 honoran-

174 1129 249 1207 dus,
272 1130 471 1214 respondisse
492 1130 612 1209 fertur,
643 1130 728 1196 nolle
758 1151 791 1196 se
820 1131 859 1196 ad
889 1151 959 1195 eum
983 1129 1108 1207 venire,
1140 1149 1159 1192 a
1189 1147 1251 1210 quo
1274 1146 1326 1190 ac·

174 1233 293 1316 ciperet
324 1233 493 1311 beneficia,
524 1255 594 1299 cum
624 1235 753 1300 reddere
783 1235 832 1299 illi
862 1235 952 1318 paria
973 1254 1038 1298 non
1070 1236 1184 1317 posset.
1230 1229 1326 1294 Liber

174 1337 293 1422 quippe
314 1361 381 1404 esse
403 1340 514 1418 voluit,
538 1340 611 1403 dum
636 1343 710 1404 ante
732 1340 860 1405 reddere
884 1360 978 1423 quam
995 1339 1153 1422 suscipere
1167 1337 1202 1400 in
1218 1337 1324 1420 spreto

132 1462 160 1500 ιο
174 1463 306 1507 munere
328 1445 491 1528 cogitavit.
538 1444 736 1528 Quantisque
765 1444 914 1510 similiter
944 1444 1110 1528 praeconiis
1135 1439 1325 1508 curialitatis

175 1566 325 1611 romanus
348 1548 544 1631 approbetur
565 1547 745 1627 Fabricius,
779 1548 852 1613 dum
884 1547 1081 1640 quadrantiae
1113 1569 1228 1612 munus
1257 1545 1325 1608 viro

174 1652 307 1734 pauperi
330 1676 350 1717 a
371 1651 496 1737 Pyrrho
511 1673 586 1738 rege
601 1652 745 1717 oblatum
760 1653 880 1718 virtute
895 1653 1070 1718 ditissimus
1080 1652 1197 1729 renuit,
1221 1648 1324 1734 magis

175 1754 649 1840 eligenshonestatecivisliberi
659 1758 1026 1839 quammnneribusemti
1034 1759 1119 1844 regis
1127 1754 1325 1841 gloriositate

174 1861 283 1944 potiri.
330 1861 398 1938 Qua
420 1863 562 1947 profecto
588 1885 623 1928 re
645 1863 747 1927 multo
770 1863 871 1949 magis
895 1863 1032 1944 emicuit,
1057 1865 1131 1929 dum
1153 1883 1208 1926 rer
1223 1857 1325 1923 admi-

133 1981 160 2025 ra
175 1968 263 2030 ratus
297 1967 501 2050 spectabilem
532 1966 664 2032 virum¹
691 1967 803 2052 utique
831 1989 954 2052 semper
985 1971 1119 2033 tonante
1152 1965 1245 2030 laude
1270 1984 1324 2026 su·
1380 2000 1390 2019 ·

173 2091 230 2153 per
260 2071 357 2136 solem
388 2073 488 2138 erexit
518 2073 639 2138 dicens:
669 2073 725 2137 ille
755 2077 804 2137 ert
829 2073 991 2138 Fabricius
1021 2073 1076 2157 qui
1100 2069 1262 2135 difficilius
1285 2067 1326 2132 ab

173 2175 340 2240 honestate
376 2199 470 2259 quam
506 2177 553 2242 sol
588 2201 607 2243 a
644 2177 832 2243 rectitudine
863 2178 912 2242 sui
941 2199 1051 2242 cursus
1082 2175 1182 2242 averti
1209 2175 1323 2262 potest.

175 2281 257 2358 Quid
291 2280 410 2366 plura?
448 2283 540 2348 Certe
576 2283 624 2347 nil
662 2283 764 2350 carius
805 2283 952 2349 venditur
982 2305 1019 2349 ao
1049 2282 1235 2366 perdibilius
1270 2301 1323 2342 su·

174 2386 272 2451 mitur
284 2405 390 2471 'quam
416 2409 531 2453 munus
561 2389 736 2473 cupiditate
766 2388 901 2453 volitum
930 2409 967 2452 ac
995 2388 1156 2453 donatum.
1203 2384 1324 2461 Quibus

132 2507 160 2548 ὀ
175 2491 322 2557 diffinitis
359 2494 419 2558 etsi
450 2514 514 2558 non
549 2515 660 2572 carne,
699 2495 739 2560 ab
776 2495 910 2560 avaritia
942 2498 1049 2559 tamen
1086 2492 1189 2557 libera
1218 2491 1323 2554 mente

173 2597 295 2680 quievit
316 2603 349 2665 ct
371 2603 503 2684 propter
524 2621 656 2664 munera
678 2599 712 2664 in
735 2599 922 2684 captivitate
944 2597 1130 2684 permansit.

173 2821 332 2889 Contra
355 2846 437 2903 eos,
470 2825 542 2909 qui
564 2825 773 2909 cupiendo
801 2827 1017 2893 festinant
1039 2825 1176 2892 ditari
1199 2810 1238 2889 et
1260 2823 1321 2888 la-

260 2933 426 3010 tentur,
451 2930 703 3014 quantocius
726 2954 766 2997 se
787 2933 945 2999 divites
967 2953 1059 2998 esse
1082 2932 1226 2997 factos.

130 3153 158 3196 ὓ
383 3105 438 3171 De
461 3104 682 3172 cucurbita
704 3110 745 3170 et
765 3107 921 3189 palma,
944 3129 1011 3192 cap.
1038 3065 1131 3171 131.Ι

261 3243 339 3310 Orto
369 3251 418 3312 est
447 3247 611 3316 cucurbita
636 3249 730 3332 juxta
759 3247 917 3332 palmam,
948 3248 1003 3312 sed
1033 3245 1169 3311 radicem
1200 3242 1321 3307 habens

171 3348 400 3417 violentissime
426 3353 613 3438 fugitivam,
644 3352 753 3436 paucis
776 3374 900 3418 sursum
929 3358 1023 3437 rapta
1045 3350 1155 3416 diebus
1178 3371 1214 3414 ac
1236 3346 1321 3412 anti-

173 3455 333 3538 quissimae
356 3458 481 3542 quidem
498 3459 620 3544 palmae,
644 3439 848 3523 incrementis
871 3457 1058 3542 quantocius
1080 3449 1321 3519 violentioribus

172 3559 350 3642 adaequata,
381 3563 547 3647 proposuit
569 3563 690 3629 dicens:
721 3564 828 3648 palma
850 3585 959 3642 soror,
991 3565 1145 3646 quantum
1168 3555 1320 3639 temporis

172 3663 294 3731 habes?
316 3667 373 3732 Oui
396 3667 469 3732 illa:
493 3673 616 3732 centum
642 3669 716 3732 vitae
738 3691 848 3734 annos.
901 3669 990 3734 Tunc
1012 3666 1177 3733 cucurbita
1197 3663 1321 3726 mature

132 3784 158 3821 ce
172 3789 205 3832 se
228 3771 360 3836 crevisse
382 3773 523 3856 gaudens
545 3778 638 3858 grata
661 3778 783 3839 naturae
806 3775 907 3840 dixit:
930 3775 1051 3860 gratias
1074 3771 1135 3837 tibi
1151 3791 1221 3855 ago,
1245 3763 1321 3849 quia

172 3872 252 3938 mihi
275 3897 333 3958 pro
356 3897 440 3941 anno
463 3877 545 3943 diem
569 3879 696 3962 dedisti;
728 3902 802 3944 nam
826 3881 910 3963 quod
934 3880 1048 3964 palmae
1071 3875 1183 3941 solaris
1206 3869 1320 3935 alatio-

169 3979 221 4042 nis
244 3979 330 4044 infra
352 3980 512 4047 zodiacum
535 4004 656 4061 annus,
690 3981 750 4048 hcc
782 3983 861 4047 mihi
893 3984 958 4048 dies
989 3981 1076 4047 dedit
1104 3983 1136 4045 te
1158 3979 1319 4063 operante,

737 4103 754 4142 ³1

242 4203 363 4274 lAusg.
381 4205 473 4262 lassen
493 4206 586 4261 virum
604 4224 673 4279 weg.
787 4209 804 4263 2
828 4209 863 4263 ln
888 4209 938 4264 der
956 4207 1081 4279 ausgabe
1109 4223 1165 4262 von
1190 4206 1258 4264 1630
1283 4202 1320 4260 ist

169 4307 230 4363 cap.
251 4292 298 4348 13:
320 4293 360 4358 14,
380 4309 440 4366 cap.
461 4295 508 4351 14:
530 4297 570 4361 16,
588 4313 649 4368 cap.
670 4297 718 4352 15:
739 4297 779 4362 13,
798 4313 858 4369 cap.
878 4299 928 4353 16:
949 4298 990 4352 15.
