3172 4962
825 370 888 435 180

277 545 400 611 solebat
422 543 546 610 dicens:
577 542 625 608 vir
656 545 712 628 qui
743 544 870 610 mulieri
899 543 1016 622 credit,
1046 544 1192 630 laqueum
1224 545 1286 610 sibi
1314 544 1439 610 tandit

278 649 418 717 Gareant
439 669 515 737 ergo
536 648 699 733 impudici,
723 671 763 714 ne
785 653 914 733 propter
937 648 1072 734 speciem
1097 648 1264 714 mulierum
1281 649 1439 716 similiter

277 759 417 841 pereant,
442 754 667 838 quiapropter
690 753 824 838 speciem
848 753 990 818 mulieris
1013 753 1109 818 multi
1129 754 1313 837 perierunt,
1342 754 1438 824 Επεὶ.

277 860 334 926 IX.
380 859 471 926 Unde
494 858 659 924 consulens
681 859 749 942 ipse
772 858 849 922 dicit
882 857 1017 922 ibidem:
1049 858 1208 945 virginem
1238 881 1280 924 ne
1312 880 1439 926 conou-

251 966 389 1049 opiscas,
413 986 452 1029 na
474 964 558 1029 forte
580 963 801 1029 scandalizeris
828 964 862 1028 in
886 964 996 1028 decore
1018 961 1113 1028 illius.
1150 963 1220 1030 Hoc
1235 965 1321 1030 enim
1343 963 1438 1048 peri-

277 1069 384 1134 culum
414 1069 617 1134 considerans
646 1067 708 1134 Job
741 1067 866 1134 XXXI⁰
900 1069 1042 1134 dicebat:
1075 1069 1190 1156 pepegi
1220 1068 1322 1134 fredus
1357 1091 1440 1136 eum

214 1173 224 1199 ⁵
277 1174 376 1240 oeulis
399 1173 486 1252 meis,
510 1178 546 1238 ut
562 1195 601 1238 ne
617 1174 788 1259 cogitarem
805 1173 842 1238 de
859 1173 1045 1258 virginibus.
1092 1173 1227 1258 Propter
1243 1174 1327 1259 quod
1351 1173 1440 1239 dicit

278 1279 474 1344 Bernardus:
498 1279 603 1344 vultus
627 1279 768 1344 mulieris
791 1279 912 1364 sagitta
935 1283 1091 1344 venenata
1113 1281 1171 1359 est,
1196 1279 1344 1344 vulnerat
1360 1277 1440 1344 ani-

279 1407 362 1450 mam
385 1390 417 1450 et
439 1385 543 1450 mittit
567 1407 732 1449 venenum.
779 1383 871 1449 Unde
901 1405 972 1450 cum
995 1384 1084 1448 Paris
1108 1382 1265 1451 Helenam
1288 1385 1440 1450 duxisset

239 1510 264 1548 ιο
281 1511 419 1569 uxorem,
442 1489 625 1575 philosophi
648 1471 831 1573 quidam‘ad
847 1511 915 1554 eam
933 1489 1099 1554 videndam
1122 1470 1290 1575 pergentes
1312 1488 1439 1574 atejus

278 1594 549 1680 pulchritudinem
571 1594 714 1659 videntes
735 1598 928 1678 operuerunt
953 1594 1060 1659 oculos
1076 1595 1232 1660 dieentes:
1256 1593 1435 1680 fugiemus,

278 1699 455 1784 fugiamus!
477 1698 622 1765 Sicenim
633 1700 932 1784 naturalitermagis
948 1704 1039 1764 nocet
1055 1699 1178 1778 animae,
1192 1699 1348 1784 respicere
1356 1722 1434 1764 mu-

279 1803 386 1870 lierem
398 1803 562 1890 pulchram
576 1826 671 1888 quam
683 1802 809 1870 fredam.
847 1805 945 1870 Prout
954 1804 1052 1870 refert
1060 1805 1199 1889 quidam,
1216 1806 1299 1888 quod
1310 1803 1436 1871 Demo-

279 1909 378 1974 critus
400 1908 607 1994 philosophus
631 1909 690 1973 sibi
715 1909 822 1974 oeulos
848 1909 940 1976 eruit.
989 1908 1031 1975 Et
1061 1907 1155 1994 hujus
1187 1931 1282 1975 causa
1313 1910 1437 1994 triplex

240 2034 266 2073 rs
279 2013 319 2077 ab
342 2013 413 2078 aliis
436 2013 634 2098 philosophis
656 2013 848 2099 assignetur,
872 2015 977 2098 prima
1001 2014 1083 2098 quod
1106 2014 1191 2078 visus
1206 2013 1311 2099 ipsum
1328 2036 1347 2079 a
1363 2035 1435 2080 me-

280 2118 490 2183 ditationibus
512 2117 718 2182 interioribus
733 2117 938 2204 impediebat,
962 2119 1098 2184 secunda
1114 2119 1189 2202 quia
1204 2118 1305 2184 malos
1319 2117 1437 2184 florere

281 2223 376 2289 nimis
399 2223 603 2308 impatienter
626 2223 763 2304 videbat,
787 2225 884 2290 tertia
907 2226 981 2310 quia
1002 2225 1150 2290 mulieres
1172 2225 1241 2290 sinc
1264 2225 1434 2312 concupis-

281 2329 385 2396 centia
407 2329 513 2395 videre
535 2351 599 2396 non
622 2333 756 2413 poterat.

407 2503 463 2569 De
485 2509 610 2570 vento
633 2503 801 2569 marino
823 2504 972 2588 guloso
994 2504 1130 2583 valde,
1153 2503 1227 2570 dial.
1252 2506 1303 2568 39.

242 2665 269 2704 ιο
369 2642 492 2709 Ventus
515 2643 656 2708 marinus
690 2645 738 2708 est
769 2641 875 2707 bellua
903 2642 1017 2721 maris,
1048 2664 1118 2727 qna
1147 2643 1181 2706 in
1213 2642 1305 2726 aquis
1336 2644 1368 2706 et
1400 2641 1435 2706 in

281 2747 376 2811 terris
399 2748 506 2812 cibum
528 2747 589 2812 sibi
612 2747 729 2831 quaerit
756 2750 788 2811 et
810 2747 844 2811 in
867 2745 961 2811 undis
990 2748 1147 2831 mergitur
1180 2750 1217 2811 ut
1247 2747 1361 2832 piscis,
1399 2746 1434 2810 in

280 2851 389 2916 littore
412 2873 536 2935 quoque
558 2851 665 2936 pergit
687 2855 724 2914 ut
745 2849 821 2915 fera.
870 2850 1006 2927 Quidam
1028 2857 1135 2916 autem
1157 2850 1268 2928 exhis,
1292 2872 1363 2915 eum
1379 2849 1431 2914 in-

280 2955 428 3021 veniebat
450 2956 555 3020 eibum
577 2976 728 3039 aquosum
751 2955 785 3020 in
809 2955 922 3032 terris,
953 2976 1024 3019 eum
1047 2957 1177 3034 edebat,
1210 2979 1250 3021 ne
1277 2979 1296 3020 a
1318 2955 1435 3020 belluis

281 3060 414 3125 marinis
437 3066 601 3146 raperetur
622 3061 694 3128 sibi.¹
740 3060 825 3126 Dum
856 3083 929 3126 vero
958 3061 1063 3126 cibum
1095 3066 1256 3127 terrenum
1287 3061 1433 3146 capiebat

242 3185 268 3223 as
281 3166 315 3229 in
345 3166 449 3252 agris,
481 3188 553 3230 eum
584 3165 824 3244 manducabat„
846 3187 886 3230 ne
916 3188 935 3230 a
962 3165 1038 3230 feris
1070 3166 1131 3231 sibi
1160 3170 1334 3251 raperetur.
1380 3167 1433 3234 Sic

281 3270 364 3335 enim
387 3293 511 3354 semper
533 3271 652 3338 faciens
674 3270 756 3336 nulli
787 3270 908 3356 petenti
940 3269 1153 3355 largiebatur,
1185 3276 1317 3357 propter
1348 3271 1433 3357 quod

280 3375 427 3441 omnibus
438 3375 563 3441 odiosus
575 3376 687 3441 eratin
698 3380 791 3440 terra.
824 3374 962 3458 Tempus
974 3374 1166 3456 afflictionis,
1186 3375 1275 3441 idest
1290 3381 1435 3442 senectu-

280 3481 333 3559 tis,
356 3481 485 3545 advenit
508 3484 540 3544 ct
555 3480 623 3565 ipse
638 3501 732 3544 senex
755 3484 787 3545 et
803 3479 961 3564 impotens
978 3479 1106 3545 effectus
1129 3484 1177 3545 est
1191 3480 1248 3560 ita,
1272 3481 1357 3566 quod
1372 3502 1430 3546 nec

282 3585 419 3649 multum
442 3588 552 3649 natare
574 3605 631 3668 per
653 3605 739 3648 mare
763 3605 819 3648 nee
848 3584 893 3648 ire
923 3606 979 3668 per
1006 3584 1137 3649 humum
1164 3585 1299 3651 valebat.
1347 3585 1430 3662 Qua-
1559 3623 1561 3652 r

243 3693 412 3773 eapropter
435 3710 551 3774 egenus
575 3693 608 3753 et
630 3688 793 3754 famelicus
816 3687 919 3754 faetus
952 3689 1155 3754 elemosinam
1186 3690 1325 3774 petebat.
1372 3689 1434 3755 Sed

282 3793 416 3877 quiade
439 3816 495 3859 suo
518 3816 681 3878 nunquam
707 3793 765 3858 ulli
789 3794 932 3871 dederat,
964 3793 1070 3858 nullus
1101 3793 1138 3858 de
1167 3817 1223 3859 sno
1252 3795 1374 3880 aliquid
1406 3795 1436 3858 ei

281 3898 465 3984 porrigebat
495 3898 616 3964 dicens:
650 3920 721 3963 vere
751 3898 843 3962 debet
867 3897 1005 3983 [egere]‚
1036 3899 1092 3982 qui
1122 3898 1160 3963 de
1189 3921 1245 3964 suo
1275 3921 1341 3965 non
1365 3899 1434 3965 vult

282 4003 364 4067 dare.
417 4002 469 4067 sie
499 4003 585 4067 enim
617 4002 710 4066 multi
740 4007 870 4086 propter
899 4003 1064 4067 avaritiam
1096 4007 1129 4067 et
1158 4002 1364 4090 gulositatem
1397 4003 1438 4067 de

282 4129 337 4172 suo
359 4107 541 4190 petentibus
564 4107 675 4192 largiri
696 4111 856 4190 nequeunt
879 4107 1037 4186 timentes,
1061 4107 1121 4172 sibi
1138 4108 1268 4174 deficere
1291 4130 1434 4175 necessa·

247 4231 272 4269 eo
287 4213 343 4277 ria.
389 4210 447 4278 Sed
472 4215 555 4278 sicut
578 4213 657 4280 dicit
680 4212 868 4298 Gregorius:
901 4216 1034 4277 terrenae
1066 4213 1254 4280 substantia
1283 4237 1341 4300 pro
1364 4214 1434 4294 hoc,
1465 4193 1469 4210 .

284 4315 367 4399 quod
389 4319 581 4403 pauperibus
605 4317 850 4395 distribuuntur,
874 4316 1141 4400 multiplicantur.
1188 4317 1230 4384 Et
1251 4319 1350 4384 idern:
1378 4321 1434 4405 qui

283 4421 486 4488 elemosinam
520 4423 652 4503 tribuit,
684 4421 755 4507 plus
786 4421 919 4505 accipit,
955 4443 1051 4506 quam
1079 4423 1251 4508 impendit,
1282 4423 1434 4490 Proverb.
1560 4477 1561 4498 ,

711 4543 712 4546 ’
1558 4537 1560 4584 i

1559 4143 1561 4238 l
