<?xml version="1.0" encoding="UTF-8"?>
<!DOCTYPE html PUBLIC "-//W3C//DTD XHTML 1.0 Transitional//EN"
    "http://www.w3.org/TR/xhtml1/DTD/xhtml1-transitional.dtd">
<html xmlns="http://www.w3.org/1999/xhtml" xml:lang="en" lang="en">
 <head>
  <title>
</title>
<meta http-equiv="Content-Type" content="text/html;charset=utf-8" />
  <meta name='ocr-system' content='tesseract 3.04.00' />
  <meta name='ocr-capabilities' content='ocr_page ocr_carea ocr_par ocr_line ocrx_word'/>
</head>
<body>
  <div class='ocr_page' id='page_1' title='image "./zweiredenankais02sleigoog_0732.png"; bbox 0 0 3172 4962; ppageno 0'>
   <div class='ocr_carea' id='block_1_1' title="bbox 135 1357 1289 1651">
    <p class='ocr_par' dir='ltr' id='par_1_1' title="bbox 135 1357 1289 1651">
     <span class='ocr_line' id='line_1_1' title="bbox 135 1357 1289 1444; baseline -0.002 -17"><span class='ocrx_word' id='word_1_1' title='bbox 135 1357 282 1428; x_wconf 80' lang='lat' dir='ltr'><strong>Secunde</strong></span> <span class='ocrx_word' id='word_1_2' title='bbox 315 1358 426 1424; x_wconf 88' lang='lat' dir='ltr'><strong>tabula</strong></span> <span class='ocrx_word' id='word_1_3' title='bbox 453 1357 547 1443; x_wconf 86' lang='lat' dir='ltr'><strong>hujus</strong></span> <span class='ocrx_word' id='word_1_4' title='bbox 576 1357 652 1423; x_wconf 89' lang='lat' dir='ltr'>libri</span> <span class='ocrx_word' id='word_1_5' title='bbox 688 1357 911 1422; x_wconf 86' lang='lat' dir='ltr'><strong>demonstrans</strong></span> <span class='ocrx_word' id='word_1_6' title='bbox 945 1359 1055 1423; x_wconf 83' lang='lat' dir='ltr'>ordine</span> <span class='ocrx_word' id='word_1_7' title='bbox 1089 1357 1289 1444; x_wconf 78' lang='lat' dir='ltr'><strong>alphabetico</strong></span> 
     </span>
     <span class='ocr_line' id='line_1_2' title="bbox 135 1463 1287 1568; baseline -0.002 -37"><span class='ocrx_word' id='word_1_8' title='bbox 135 1465 282 1552; x_wconf 80' lang='lat' dir='ltr'><strong>singulae</strong></span> <span class='ocrx_word' id='word_1_9' title='bbox 305 1464 453 1530; x_wconf 84' lang='lat' dir='ltr'><strong>materias</strong></span> <span class='ocrx_word' id='word_1_10' title='bbox 477 1463 559 1530; x_wconf 84' lang='lat' dir='ltr'><strong>eires</strong></span> <span class='ocrx_word' id='word_1_11' title='bbox 582 1486 661 1548; x_wconf 85' lang='lat' dir='ltr'><strong>quas</strong></span> <span class='ocrx_word' id='word_1_12' title='bbox 684 1463 820 1568; x_wconf 81' lang='lat' dir='ltr'><strong>quilibet</strong></span> <span class='ocrx_word' id='word_1_13' title='bbox 842 1463 1042 1548; x_wconf 81' lang='lat' dir='ltr'><strong>dialogorum</strong></span> <span class='ocrx_word' id='word_1_14' title='bbox 1059 1468 1212 1543; x_wconf 84' lang='lat' dir='ltr'><strong>versatur,</strong></span> <span class='ocrx_word' id='word_1_15' title='bbox 1236 1467 1287 1529; x_wconf 93' lang='lat' dir='ltr'><strong>in·</strong></span> 
     </span>
     <span class='ocr_line' id='line_1_3' title="bbox 590 1568 835 1651; baseline -0.008 -17"><span class='ocrx_word' id='word_1_16' title='bbox 590 1568 669 1651; x_wconf 80' lang='lat' dir='ltr'><strong>cipit</strong></span> <span class='ocrx_word' id='word_1_17' title='bbox 692 1568 835 1634; x_wconf 74' lang='lat' dir='ltr'><strong>feliciter.</strong></span> 
     </span>
    </p>
   </div>
   <div class='ocr_carea' id='block_1_2' title="bbox 503 1679 1017 1810">
    <p class='ocr_par' dir='ltr' id='par_1_2' title="bbox 503 1679 1017 1810">
     <span class='ocr_line' id='line_1_4' title="bbox 503 1679 1017 1810; baseline -0.002 -20"><span class='ocrx_word' id='word_1_18' title='bbox 503 1723 622 1810; x_wconf 76' lang='lat' dir='ltr'><strong>Incipit</strong></span> <span class='ocrx_word' id='word_1_19' title='bbox 643 1724 754 1790; x_wconf 70' lang='lat' dir='ltr'><strong>nsua</strong></span> <span class='ocrx_word' id='word_1_20' title='bbox 775 1725 921 1792; x_wconf 70' lang='lat' dir='ltr'><strong>secunda.</strong></span> <span class='ocrx_word' id='word_1_21' title='bbox 1016 1679 1017 1683; x_wconf 5' lang='grc' dir='ltr'>Ὺ</span> 
     </span>
    </p>
   </div>
   <div class='ocr_carea' id='block_1_3' title="bbox 11 1862 922 1933">
    <p class='ocr_par' dir='ltr' id='par_1_3' title="bbox 11 1862 922 1933">
     <span class='ocr_line' id='line_1_5' title="bbox 11 1862 922 1933; baseline 0 -17"><span class='ocrx_word' id='word_1_22' title='bbox 11 1903 12 1908; x_wconf 33' lang='lat'>1</span> <span class='ocrx_word' id='word_1_23' title='bbox 110 1863 319 1921; x_wconf 84' lang='lat' dir='ltr'><strong>sAbstinsntia</strong></span> <span class='ocrx_word' id='word_1_24' title='bbox 336 1864 453 1933; x_wconf 78' lang='lat' dir='ltr'><strong>longam</strong></span> <span class='ocrx_word' id='word_1_25' title='bbox 472 1865 501 1917; x_wconf 89' lang='lat' dir='ltr'><strong>et</strong></span> <span class='ocrx_word' id='word_1_26' title='bbox 519 1879 618 1918; x_wconf 85' lang='lat' dir='ltr'><strong>sanam</strong></span> <span class='ocrx_word' id='word_1_27' title='bbox 638 1862 729 1917; x_wconf 84' lang='lat' dir='ltr'><strong>vitam</strong></span> <span class='ocrx_word' id='word_1_28' title='bbox 747 1863 842 1918; x_wconf 86' lang='lat' dir='ltr'><strong>donst.</strong></span> <span class='ocrx_word' id='word_1_29' title='bbox 864 1862 922 1918; x_wconf 81' lang='lat'>103.</span> 
     </span>
    </p>
   </div>
   <div class='ocr_carea' id='block_1_4' title="bbox 97 1949 1290 4465">
    <p class='ocr_par' dir='ltr' id='par_1_4' title="bbox 97 1949 1290 4465">
     <span class='ocr_line' id='line_1_6' title="bbox 137 1949 1080 2019; baseline 0.001 -12"><span class='ocrx_word' id='word_1_30' title='bbox 137 1953 276 2008; x_wconf 73' lang='lat' dir='ltr'><strong>Accusare</strong></span> <span class='ocrx_word' id='word_1_31' title='bbox 292 1968 349 2007; x_wconf 87' lang='lat' dir='ltr'><strong>uon</strong></span> <span class='ocrx_word' id='word_1_32' title='bbox 368 1950 450 2005; x_wconf 88' lang='lat' dir='ltr'><strong>debet</strong></span> <span class='ocrx_word' id='word_1_33' title='bbox 468 1949 558 2004; x_wconf 85' lang='lat' dir='ltr'><strong>elium</strong></span> <span class='ocrx_word' id='word_1_34' title='bbox 575 1949 672 2006; x_wconf 82' lang='lat' dir='ltr'><strong>eodem</strong></span> <span class='ocrx_word' id='word_1_35' title='bbox 690 1949 806 2004; x_wconf 81' lang='lat' dir='ltr'><strong>erimine</strong></span> <span class='ocrx_word' id='word_1_36' title='bbox 824 1949 1019 2019; x_wconf 85' lang='lat' dir='ltr'><strong>deprehensns.</strong></span> <span class='ocrx_word' id='word_1_37' title='bbox 1039 1954 1080 2008; x_wconf 91' lang='grc'><strong>79.</strong></span> 
     </span>
     <span class='ocr_line' id='line_1_7' title="bbox 138 2036 1162 2108; baseline 0.002 -14"><span class='ocrx_word' id='word_1_38' title='bbox 138 2039 254 2096; x_wconf 84' lang='lat' dir='ltr'><strong>Aetoree</strong></span> <span class='ocrx_word' id='word_1_39' title='bbox 271 2037 411 2093; x_wconf 85' lang='lat' dir='ltr'><strong>malorum</strong></span> <span class='ocrx_word' id='word_1_40' title='bbox 428 2039 459 2092; x_wconf 89' lang='lat' dir='ltr'><strong>st</strong></span> <span class='ocrx_word' id='word_1_41' title='bbox 476 2037 680 2092; x_wconf 85' lang='lat' dir='ltr'><strong>eonsentientes</strong></span> <span class='ocrx_word' id='word_1_42' title='bbox 697 2036 733 2091; x_wconf 88' lang='lat' dir='ltr'><strong>iis</strong></span> <span class='ocrx_word' id='word_1_43' title='bbox 750 2037 814 2108; x_wconf 86' lang='lat' dir='ltr'><strong>pari</strong></span> <span class='ocrx_word' id='word_1_44' title='bbox 832 2053 916 2107; x_wconf 77' lang='lat' dir='ltr'><strong>poena</strong></span> <span class='ocrx_word' id='word_1_45' title='bbox 934 2039 1102 2108; x_wconf 88' lang='lat' dir='ltr'><strong>puniuntur.</strong></span> <span class='ocrx_word' id='word_1_46' title='bbox 1123 2041 1162 2096; x_wconf 90' lang='grc'><strong>18.</strong></span> 
     </span>
     <span class='ocr_line' id='line_1_8' title="bbox 137 2123 686 2182; baseline -0.004 -1"><span class='ocrx_word' id='word_1_47' title='bbox 137 2127 308 2182; x_wconf 85' lang='lat' dir='ltr'><strong>Adulatores</strong></span> <span class='ocrx_word' id='word_1_48' title='bbox 326 2142 383 2181; x_wconf 87' lang='lat' dir='ltr'><strong>non</strong></span> <span class='ocrx_word' id='word_1_49' title='bbox 401 2127 468 2179; x_wconf 85' lang='lat' dir='ltr'><strong>sunt</strong></span> <span class='ocrx_word' id='word_1_50' title='bbox 485 2123 625 2179; x_wconf 86' lang='lat' dir='ltr'><strong>audiendi.</strong></span> <span class='ocrx_word' id='word_1_51' title='bbox 644 2125 686 2179; x_wconf 76' lang='lat'><strong>49.</strong></span> 
     </span>
     <span class='ocr_line' id='line_1_9' title="bbox 137 2210 679 2282; baseline -0.004 -14"><span class='ocrx_word' id='word_1_52' title='bbox 137 2213 308 2269; x_wconf 83' lang='lat' dir='ltr'><strong>Adulatorea</strong></span> <span class='ocrx_word' id='word_1_53' title='bbox 325 2211 430 2269; x_wconf 91' lang='lat' dir='ltr'><strong>multos</strong></span> <span class='ocrx_word' id='word_1_54' title='bbox 448 2210 599 2282; x_wconf 82' lang='lat' dir='ltr'><strong>decipiunt.</strong></span> <span class='ocrx_word' id='word_1_55' title='bbox 620 2213 679 2268; x_wconf 85' lang='grc'><strong>106.</strong></span> 
     </span>
     <span class='ocr_line' id='line_1_10' title="bbox 99 2299 1184 2371; baseline 0.007 -20"><span class='ocrx_word' id='word_1_56' title='bbox 99 2314 126 2352; x_wconf 83' lang='lat' dir='ltr'><strong>ro</strong></span> <span class='ocrx_word' id='word_1_57' title='bbox 140 2300 264 2356; x_wconf 81' lang='lat' dir='ltr'><strong>Affectus</strong></span> <span class='ocrx_word' id='word_1_58' title='bbox 282 2302 431 2371; x_wconf 83' lang='lat' dir='ltr'><strong>potentum</strong></span> <span class='ocrx_word' id='word_1_59' title='bbox 448 2299 532 2354; x_wconf 84' lang='lat' dir='ltr'><strong>debet</strong></span> <span class='ocrx_word' id='word_1_60' title='bbox 549 2315 608 2355; x_wconf 85' lang='lat' dir='ltr'><strong>ease</strong></span> <span class='ocrx_word' id='word_1_61' title='bbox 625 2315 734 2370; x_wconf 82' lang='lat' dir='ltr'><strong>semper</strong></span> <span class='ocrx_word' id='word_1_62' title='bbox 752 2299 789 2355; x_wconf 89' lang='lat' dir='ltr'><strong>ad</strong></span> <span class='ocrx_word' id='word_1_63' title='bbox 807 2315 944 2370; x_wconf 86' lang='lat' dir='ltr'><strong>pauperes</strong></span> <span class='ocrx_word' id='word_1_64' title='bbox 961 2301 1123 2358; x_wconf 77' lang='lat' dir='ltr'><strong>inclinatus.</strong></span> <span class='ocrx_word' id='word_1_65' title='bbox 1141 2305 1184 2359; x_wconf 89' lang='grc'><strong>67.</strong></span> 
     </span>
     <span class='ocr_line' id='line_1_11' title="bbox 137 2386 982 2460; baseline 0 -16"><span class='ocrx_word' id='word_1_66' title='bbox 137 2391 230 2460; x_wconf 76' lang='lat' dir='ltr'><strong>Agere</strong></span> <span class='ocrx_word' id='word_1_67' title='bbox 247 2405 329 2444; x_wconf 88' lang='lat' dir='ltr'><strong>nemo</strong></span> <span class='ocrx_word' id='word_1_68' title='bbox 347 2387 438 2450; x_wconf 84' lang='lat' dir='ltr'><strong>debet,</strong></span> <span class='ocrx_word' id='word_1_69' title='bbox 456 2387 531 2456; x_wconf 88' lang='lat' dir='ltr'><strong>quod</strong></span> <span class='ocrx_word' id='word_1_70' title='bbox 549 2386 721 2443; x_wconf 74' lang='lat' dir='ltr'><strong>naturaliter</strong></span> <span class='ocrx_word' id='word_1_71' title='bbox 738 2404 794 2443; x_wconf 90' lang='lat' dir='ltr'><strong>non</strong></span> <span class='ocrx_word' id='word_1_72' title='bbox 815 2391 917 2457; x_wconf 81' lang='lat' dir='ltr'><strong>potest.</strong></span> <span class='ocrx_word' id='word_1_73' title='bbox 939 2391 982 2444; x_wconf 86' lang='lat'><strong>55.</strong></span> 
     </span>
     <span class='ocr_line' id='line_1_12' title="bbox 137 2473 1021 2544; baseline -0.001 -13"><span class='ocrx_word' id='word_1_74' title='bbox 137 2477 219 2531; x_wconf 86' lang='lat' dir='ltr'><strong>Alter</strong></span> <span class='ocrx_word' id='word_1_75' title='bbox 238 2475 355 2531; x_wconf 89' lang='lat' dir='ltr'><strong>alterius</strong></span> <span class='ocrx_word' id='word_1_76' title='bbox 373 2491 459 2532; x_wconf 84' lang='lat' dir='ltr'><strong>onera</strong></span> <span class='ocrx_word' id='word_1_77' title='bbox 476 2477 592 2544; x_wconf 84' lang='lat' dir='ltr'><strong>portare</strong></span> <span class='ocrx_word' id='word_1_78' title='bbox 608 2474 741 2529; x_wconf 85' lang='lat' dir='ltr'><strong>debemus</strong></span> <span class='ocrx_word' id='word_1_79' title='bbox 759 2473 790 2529; x_wconf 87' lang='lat' dir='ltr'><strong>in</strong></span> <span class='ocrx_word' id='word_1_80' title='bbox 809 2473 958 2530; x_wconf 80' lang='lat' dir='ltr'><strong>charitate.</strong></span> <span class='ocrx_word' id='word_1_81' title='bbox 978 2477 1021 2532; x_wconf 79' lang='grc'><strong>73.</strong></span> 
     </span>
     <span class='ocr_line' id='line_1_13' title="bbox 137 2561 1290 2634; baseline 0.003 -16"><span class='ocrx_word' id='word_1_82' title='bbox 137 2565 275 2618; x_wconf 81' lang='lat' dir='ltr'><strong>Amatam</strong></span> <span class='ocrx_word' id='word_1_83' title='bbox 292 2561 440 2618; x_wconf 84' lang='lat' dir='ltr'><strong>eonsilium</strong></span> <span class='ocrx_word' id='word_1_84' title='bbox 458 2577 521 2616; x_wconf 86' lang='lat' dir='ltr'><strong>oum</strong></span> <span class='ocrx_word' id='word_1_85' title='bbox 539 2561 634 2630; x_wconf 87' lang='lat' dir='ltr'><strong>quiete</strong></span> <span class='ocrx_word' id='word_1_86' title='bbox 651 2563 680 2617; x_wconf 88' lang='lat' dir='ltr'><strong>et</strong></span> <span class='ocrx_word' id='word_1_87' title='bbox 697 2561 849 2617; x_wconf 72' lang='lat' dir='ltr'><strong>securitate</strong></span> <span class='ocrx_word' id='word_1_88' title='bbox 858 2561 959 2616; x_wconf 85' lang='lat' dir='ltr'><strong>melius</strong></span> <span class='ocrx_word' id='word_1_89' title='bbox 969 2567 1012 2618; x_wconf 84' lang='lat' dir='ltr'><strong>est</strong></span> <span class='ocrx_word' id='word_1_90' title='bbox 1023 2583 1110 2634; x_wconf 88' lang='lat' dir='ltr'><strong>quam</strong></span> <span class='ocrx_word' id='word_1_91' title='bbox 1122 2566 1290 2622; x_wconf 76' lang='lat' dir='ltr'><strong>delectabile</strong></span> 
     </span>
     <span class='ocr_line' id='line_1_14' title="bbox 207 2649 499 2721; baseline -0.01 -15"><span class='ocrx_word' id='word_1_92' title='bbox 207 2667 272 2706; x_wconf 85' lang='lat' dir='ltr'><strong>eum</strong></span> <span class='ocrx_word' id='word_1_93' title='bbox 288 2649 420 2721; x_wconf 83' lang='lat' dir='ltr'><strong>pariendo.</strong></span> <span class='ocrx_word' id='word_1_94' title='bbox 440 2651 499 2704; x_wconf 74' lang='lat'>112.</span> 
     </span>
     <span class='ocr_line' id='line_1_15' title="bbox 97 2735 948 2808; baseline -0.002 -14"><span class='ocrx_word' id='word_1_95' title='bbox 97 2747 124 2788; x_wconf 80' lang='lat'><strong>1⁵</strong></span> <span class='ocrx_word' id='word_1_96' title='bbox 137 2739 251 2794; x_wconf 82' lang='lat' dir='ltr'><strong>Amisus</strong></span> <span class='ocrx_word' id='word_1_97' title='bbox 268 2739 311 2793; x_wconf 83' lang='lat' dir='ltr'><strong>eet</strong></span> <span class='ocrx_word' id='word_1_98' title='bbox 329 2735 391 2806; x_wconf 88' lang='lat' dir='ltr'><strong>quis</strong></span> <span class='ocrx_word' id='word_1_99' title='bbox 409 2739 534 2808; x_wconf 85' lang='lat' dir='ltr'><strong>ternpore</strong></span> <span class='ocrx_word' id='word_1_100' title='bbox 551 2737 747 2807; x_wconf 75' lang='lat' dir='ltr'><strong>prosperitatis</strong></span> <span class='ocrx_word' id='word_1_101' title='bbox 764 2739 887 2792; x_wconf 86' lang='lat' dir='ltr'><strong>tantum.</strong></span> <span class='ocrx_word' id='word_1_102' title='bbox 906 2739 948 2794; x_wconf 87' lang='grc'><strong>56.</strong></span> 
     </span>
     <span class='ocr_line' id='line_1_16' title="bbox 137 2823 768 2896; baseline -0.002 -14"><span class='ocrx_word' id='word_1_103' title='bbox 137 2826 251 2882; x_wconf 81' lang='lat' dir='ltr'><strong>Amisus</strong></span> <span class='ocrx_word' id='word_1_104' title='bbox 269 2823 433 2896; x_wconf 86' lang='lat' dir='ltr'><strong>probandus</strong></span> <span class='ocrx_word' id='word_1_105' title='bbox 450 2826 494 2879; x_wconf 88' lang='lat' dir='ltr'><strong>est</strong></span> <span class='ocrx_word' id='word_1_106' title='bbox 510 2825 541 2878; x_wconf 89' lang='lat' dir='ltr'><strong>in</strong></span> <span class='ocrx_word' id='word_1_107' title='bbox 557 2824 689 2895; x_wconf 84' lang='lat' dir='ltr'><strong>periculo.</strong></span> <span class='ocrx_word' id='word_1_108' title='bbox 710 2824 768 2881; x_wconf 89' lang='lat'><strong>108.</strong></span> 
     </span>
     <span class='ocr_line' id='line_1_17' title="bbox 137 2911 781 2980; baseline -0.003 -10"><span class='ocrx_word' id='word_1_109' title='bbox 137 2919 248 2970; x_wconf 84' lang='lat' dir='ltr'><strong>Avarus</strong></span> <span class='ocrx_word' id='word_1_110' title='bbox 266 2911 340 2966; x_wconf 91' lang='lat' dir='ltr'><strong>nulli</strong></span> <span class='ocrx_word' id='word_1_111' title='bbox 358 2911 467 2980; x_wconf 87' lang='lat' dir='ltr'><strong>aliquid</strong></span> <span class='ocrx_word' id='word_1_112' title='bbox 485 2911 553 2967; x_wconf 88' lang='lat' dir='ltr'><strong>dare</strong></span> <span class='ocrx_word' id='word_1_113' title='bbox 571 2911 720 2969; x_wconf 86' lang='lat' dir='ltr'><strong>eonsentit.</strong></span> <span class='ocrx_word' id='word_1_114' title='bbox 739 2913 781 2968; x_wconf 83' lang='grc'><strong>89.</strong></span> 
     </span>
     <span class='ocr_line' id='line_1_18' title="bbox 136 2999 754 3057; baseline -0.005 0"><span class='ocrx_word' id='word_1_115' title='bbox 136 3003 248 3057; x_wconf 80' lang='lat' dir='ltr'><strong>Avarus</strong></span> <span class='ocrx_word' id='word_1_116' title='bbox 266 3017 316 3054; x_wconf 88' lang='lat' dir='ltr'><strong>sua</strong></span> <span class='ocrx_word' id='word_1_117' title='bbox 334 3017 391 3056; x_wconf 86' lang='lat' dir='ltr'><strong>non</strong></span> <span class='ocrx_word' id='word_1_118' title='bbox 408 2999 472 3054; x_wconf 86' lang='lat' dir='ltr'><strong>vult</strong></span> <span class='ocrx_word' id='word_1_119' title='bbox 490 2999 701 3056; x_wconf 86' lang='lat' dir='ltr'><strong>eommuniears.</strong></span> <span class='ocrx_word' id='word_1_120' title='bbox 720 2999 754 3054; x_wconf 91' lang='grc'><strong>87</strong></span> 
     </span>
     <span class='ocr_line' id='line_1_19' title="bbox 136 3084 1290 3162; baseline 0.003 -18"><span class='ocrx_word' id='word_1_121' title='bbox 136 3089 248 3144; x_wconf 77' lang='lat' dir='ltr'><strong>Avarus</strong></span> <span class='ocrx_word' id='word_1_122' title='bbox 264 3088 317 3142; x_wconf 90' lang='lat' dir='ltr'><strong>aut</strong></span> <span class='ocrx_word' id='word_1_123' title='bbox 335 3086 384 3155; x_wconf 89' lang='lat' dir='ltr'><strong>qni</strong></span> <span class='ocrx_word' id='word_1_124' title='bbox 402 3087 444 3140; x_wconf 86' lang='lat' dir='ltr'><strong>est</strong></span> <span class='ocrx_word' id='word_1_125' title='bbox 460 3101 582 3156; x_wconf 84' lang='lat' dir='ltr'><strong>pauper,</strong></span> <span class='ocrx_word' id='word_1_126' title='bbox 601 3085 638 3140; x_wconf 88' lang='lat' dir='ltr'><strong>ad</strong></span> <span class='ocrx_word' id='word_1_127' title='bbox 656 3084 813 3155; x_wconf 77' lang='lat' dir='ltr'><strong>dignitates</strong></span> <span class='ocrx_word' id='word_1_128' title='bbox 831 3089 861 3142; x_wconf 88' lang='lat' dir='ltr'><strong>et</strong></span> <span class='ocrx_word' id='word_1_129' title='bbox 877 3087 1017 3157; x_wconf 75' lang='lat' dir='ltr'><strong>regimine</strong></span> <span class='ocrx_word' id='word_1_130' title='bbox 1043 3107 1099 3145; x_wconf 92' lang='lat' dir='ltr'><strong>non</strong></span> <span class='ocrx_word' id='word_1_131' title='bbox 1124 3089 1209 3146; x_wconf 87' lang='lat' dir='ltr'><strong>debet</strong></span> <span class='ocrx_word' id='word_1_132' title='bbox 1226 3109 1290 3162; x_wconf 89' lang='lat' dir='ltr'><strong>pro·</strong></span> 
     </span>
     <span class='ocr_line' id='line_1_20' title="bbox 97 3174 362 3229; baseline 0.015 -6"><span class='ocrx_word' id='word_1_133' title='bbox 97 3183 125 3223; x_wconf 83' lang='lat' dir='ltr'><strong>ro</strong></span> <span class='ocrx_word' id='word_1_134' title='bbox 209 3174 302 3229; x_wconf 84' lang='lat' dir='ltr'><strong>fleisei.</strong></span> <span class='ocrx_word' id='word_1_135' title='bbox 320 3174 362 3228; x_wconf 89' lang='grc'><strong>87.</strong></span> 
     </span>
     <span class='ocr_line' id='line_1_21' title="bbox 137 3259 677 3330; baseline -0.007 -12"><span class='ocrx_word' id='word_1_136' title='bbox 137 3265 250 3318; x_wconf 82' lang='lat' dir='ltr'><strong>Avarus</strong></span> <span class='ocrx_word' id='word_1_137' title='bbox 267 3277 412 3330; x_wconf 88' lang='lat' dir='ltr'><strong>nunqnam</strong></span> <span class='ocrx_word' id='word_1_138' title='bbox 430 3259 615 3316; x_wconf 84' lang='lat' dir='ltr'><strong>saturabitur.</strong></span> <span class='ocrx_word' id='word_1_139' title='bbox 635 3259 677 3314; x_wconf 91' lang='grc'><strong>87.</strong></span> 
     </span>
     <span class='ocr_line' id='line_1_22' title="bbox 138 3349 463 3415; baseline -0.003 -10"><span class='ocrx_word' id='word_1_140' title='bbox 138 3349 221 3415; x_wconf 86' lang='lat' dir='ltr'><strong>Audi,</strong></span> <span class='ocrx_word' id='word_1_141' title='bbox 240 3349 312 3412; x_wconf 76' lang='lat' dir='ltr'><strong>side,</strong></span> <span class='ocrx_word' id='word_1_142' title='bbox 330 3349 400 3404; x_wconf 82' lang='lat' dir='ltr'><strong>taes</strong></span> <span class='ocrx_word' id='word_1_143' title='bbox 421 3349 463 3404; x_wconf 84' lang='lat'><strong>21.</strong></span> 
     </span>
     <span class='ocr_line' id='line_1_23' title="bbox 138 3433 1290 3506; baseline 0.003 -14"><span class='ocrx_word' id='word_1_144' title='bbox 138 3439 247 3492; x_wconf 86' lang='lat' dir='ltr'><strong>Aurum</strong></span> <span class='ocrx_word' id='word_1_145' title='bbox 264 3438 293 3491; x_wconf 89' lang='lat' dir='ltr'><strong>et</strong></span> <span class='ocrx_word' id='word_1_146' title='bbox 309 3435 492 3506; x_wconf 85' lang='lat' dir='ltr'><strong>possessiones</strong></span> <span class='ocrx_word' id='word_1_147' title='bbox 509 3433 577 3489; x_wconf 87' lang='lat' dir='ltr'><strong>dum</strong></span> <span class='ocrx_word' id='word_1_148' title='bbox 595 3434 716 3491; x_wconf 83' lang='lat' dir='ltr'><strong>Romani</strong></span> <span class='ocrx_word' id='word_1_149' title='bbox 734 3434 935 3504; x_wconf 78' lang='lat' dir='ltr'><strong>requisierunt,</strong></span> <span class='ocrx_word' id='word_1_150' title='bbox 961 3437 1083 3506; x_wconf 87' lang='lat' dir='ltr'><strong>amplius</strong></span> <span class='ocrx_word' id='word_1_151' title='bbox 1107 3437 1215 3494; x_wconf 85' lang='lat' dir='ltr'><strong>bellare</strong></span> <span class='ocrx_word' id='word_1_152' title='bbox 1234 3457 1290 3496; x_wconf 90' lang='lat' dir='ltr'><strong>non</strong></span> 
     </span>
     <span class='ocr_line' id='line_1_24' title="bbox 210 3522 449 3578; baseline -0.008 0"><span class='ocrx_word' id='word_1_153' title='bbox 210 3523 370 3578; x_wconf 80' lang='lat' dir='ltr'><strong>valuerunt.</strong></span> <span class='ocrx_word' id='word_1_154' title='bbox 390 3522 449 3576; x_wconf 90' lang='grc'><strong>108.</strong></span> 
     </span>
     <span class='ocr_line' id='line_1_25' title="bbox 104 3609 579 3667; baseline -0.004 -2"><span class='ocrx_word' id='word_1_155' title='bbox 104 3610 283 3667; x_wconf 76' lang='lat' dir='ltr'><strong>²⁶Benefaeit</strong></span> <span class='ocrx_word' id='word_1_156' title='bbox 302 3627 383 3667; x_wconf 86' lang='lat' dir='ltr'><strong>nemo</strong></span> <span class='ocrx_word' id='word_1_157' title='bbox 400 3609 517 3664; x_wconf 84' lang='lat' dir='ltr'><strong>invitus.</strong></span> <span class='ocrx_word' id='word_1_158' title='bbox 536 3609 579 3664; x_wconf 82' lang='grc'><strong>96.</strong></span> 
     </span>
     <span class='ocr_line' id='line_1_26' title="bbox 138 3697 682 3769; baseline -0.004 -15"><span class='ocrx_word' id='word_1_159' title='bbox 138 3697 269 3754; x_wconf 59' lang='lat' dir='ltr'><strong>medaii</strong></span> <span class='ocrx_word' id='word_1_160' title='bbox 286 3697 394 3769; x_wconf 77' lang='lat' dir='ltr'><strong>serapti</strong></span> <span class='ocrx_word' id='word_1_161' title='bbox 411 3713 518 3753; x_wconf 88' lang='lat' dir='ltr'><strong>memor</strong></span> <span class='ocrx_word' id='word_1_162' title='bbox 535 3697 603 3753; x_wconf 87' lang='lat' dir='ltr'><strong>esto.</strong></span> <span class='ocrx_word' id='word_1_163' title='bbox 624 3697 682 3752; x_wconf 88' lang='lat'>111.</span> 
     </span>
     <span class='ocr_line' id='line_1_27' title="bbox 138 3772 799 3855; baseline -0.008 -13"><span class='ocrx_word' id='word_1_164' title='bbox 138 3772 276 3842; x_wconf 74' lang='lat' dir='ltr'><strong>Beneficia</strong></span> <span class='ocrx_word' id='word_1_165' title='bbox 296 3784 459 3855; x_wconf 72' lang='lat' dir='ltr'><strong>prestanda</strong></span> <span class='ocrx_word' id='word_1_166' title='bbox 477 3785 543 3838; x_wconf 89' lang='lat' dir='ltr'><strong>sunt</strong></span> <span class='ocrx_word' id='word_1_167' title='bbox 562 3781 737 3838; x_wconf 79' lang='lat' dir='ltr'><strong>etinimicis.</strong></span> <span class='ocrx_word' id='word_1_168' title='bbox 757 3783 799 3837; x_wconf 82' lang='lat'><strong>98.</strong></span> 
     </span>
     <span class='ocr_line' id='line_1_28' title="bbox 139 3869 903 3948; baseline -0.003 -20"><span class='ocrx_word' id='word_1_169' title='bbox 139 3870 339 3928; x_wconf 77' lang='lat' dir='ltr'><strong>Beneficiorum</strong></span> <span class='ocrx_word' id='word_1_170' title='bbox 356 3887 415 3927; x_wconf 82' lang='lat' dir='ltr'><strong>esso</strong></span> <span class='ocrx_word' id='word_1_171' title='bbox 433 3888 489 3927; x_wconf 90' lang='lat' dir='ltr'><strong>non</strong></span> <span class='ocrx_word' id='word_1_172' title='bbox 507 3869 639 3948; x_wconf 82' lang='lat' dir='ltr'><strong>debemus</strong></span> <span class='ocrx_word' id='word_1_173' title='bbox 656 3869 840 3927; x_wconf 86' lang='lat' dir='ltr'><strong>immemores.</strong></span> <span class='ocrx_word' id='word_1_174' title='bbox 860 3873 903 3926; x_wconf 82' lang='lat'><strong>23.</strong></span> 
     </span>
     <span class='ocr_line' id='line_1_29' title="bbox 139 3957 745 4029; baseline -0.008 -13"><span class='ocrx_word' id='word_1_175' title='bbox 139 3959 247 4016; x_wconf 86' lang='lat' dir='ltr'><strong>Bonum</strong></span> <span class='ocrx_word' id='word_1_176' title='bbox 264 3960 410 4029; x_wconf 78' lang='lat' dir='ltr'><strong>promulo</strong></span> <span class='ocrx_word' id='word_1_177' title='bbox 428 3958 544 4014; x_wconf 83' lang='lat' dir='ltr'><strong>reddere</strong></span> <span class='ocrx_word' id='word_1_178' title='bbox 560 3957 700 4013; x_wconf 83' lang='lat' dir='ltr'><strong>debemus.</strong></span> <span class='ocrx_word' id='word_1_179' title='bbox 719 3959 745 4012; x_wconf 87' lang='lat'><strong>9.</strong></span> 
     </span>
     <span class='ocr_line' id='line_1_30' title="bbox 98 4045 770 4116; baseline -0.003 -13"><span class='ocrx_word' id='word_1_180' title='bbox 98 4055 124 4093; x_wconf 78' lang='lat'><strong>⁸⁰</strong></span> <span class='ocrx_word' id='word_1_181' title='bbox 138 4047 217 4104; x_wconf 87' lang='lat' dir='ltr'><strong>Bona</strong></span> <span class='ocrx_word' id='word_1_182' title='bbox 235 4063 253 4102; x_wconf 98' lang='lat' dir='ltr'><strong>a</strong></span> <span class='ocrx_word' id='word_1_183' title='bbox 270 4047 354 4102; x_wconf 83' lang='lat' dir='ltr'><strong>malis</strong></span> <span class='ocrx_word' id='word_1_184' title='bbox 372 4047 533 4116; x_wconf 86' lang='lat' dir='ltr'><strong>frequenter</strong></span> <span class='ocrx_word' id='word_1_185' title='bbox 550 4045 725 4116; x_wconf 77' lang='lat' dir='ltr'><strong>affliguntur.</strong></span> <span class='ocrx_word' id='word_1_186' title='bbox 743 4047 770 4101; x_wconf 91' lang='lat'><strong>8.</strong></span> 
     </span>
     <span class='ocr_line' id='line_1_31' title="bbox 139 4133 1115 4205; baseline -0.001 -15"><span class='ocrx_word' id='word_1_187' title='bbox 139 4133 209 4190; x_wconf 88' lang='lat' dir='ltr'><strong>Boni</strong></span> <span class='ocrx_word' id='word_1_188' title='bbox 226 4133 310 4189; x_wconf 85' lang='lat' dir='ltr'><strong>malis</strong></span> <span class='ocrx_word' id='word_1_189' title='bbox 329 4136 499 4205; x_wconf 87' lang='lat' dir='ltr'><strong>supportant</strong></span> <span class='ocrx_word' id='word_1_190' title='bbox 516 4135 546 4188; x_wconf 87' lang='lat' dir='ltr'><strong>et</strong></span> <span class='ocrx_word' id='word_1_191' title='bbox 563 4149 636 4204; x_wconf 73' lang='lat' dir='ltr'><strong>sape</strong></span> <span class='ocrx_word' id='word_1_192' title='bbox 653 4150 705 4203; x_wconf 89' lang='lat' dir='ltr'><strong>pro</strong></span> <span class='ocrx_word' id='word_1_193' title='bbox 723 4133 798 4191; x_wconf 86' lang='lat' dir='ltr'><strong>malo</strong></span> <span class='ocrx_word' id='word_1_194' title='bbox 816 4133 922 4190; x_wconf 88' lang='lat' dir='ltr'><strong>bonum</strong></span> <span class='ocrx_word' id='word_1_195' title='bbox 939 4133 1071 4189; x_wconf 85' lang='lat' dir='ltr'><strong>reddunt.</strong></span> <span class='ocrx_word' id='word_1_196' title='bbox 1091 4135 1115 4189; x_wconf 88' lang='grc'><strong>9.</strong></span> 
     </span>
     <span class='ocr_line' id='line_1_32' title="bbox 140 4218 1080 4290; baseline -0.002 -14"><span class='ocrx_word' id='word_1_197' title='bbox 140 4219 210 4276; x_wconf 85' lang='lat' dir='ltr'><strong>Boni</strong></span> <span class='ocrx_word' id='word_1_198' title='bbox 226 4218 331 4274; x_wconf 88' lang='lat' dir='ltr'><strong>debent</strong></span> <span class='ocrx_word' id='word_1_199' title='bbox 348 4220 432 4276; x_wconf 81' lang='lat' dir='ltr'><strong>malis</strong></span> <span class='ocrx_word' id='word_1_200' title='bbox 448 4219 576 4276; x_wconf 81' lang='lat' dir='ltr'><strong>resistere</strong></span> <span class='ocrx_word' id='word_1_201' title='bbox 594 4219 715 4284; x_wconf 79' lang='lat' dir='ltr'><strong>fortiter,</strong></span> <span class='ocrx_word' id='word_1_202' title='bbox 734 4236 769 4276; x_wconf 88' lang='lat' dir='ltr'><strong>ne</strong></span> <span class='ocrx_word' id='word_1_203' title='bbox 786 4220 896 4290; x_wconf 89' lang='lat' dir='ltr'><strong>possint</strong></span> <span class='ocrx_word' id='word_1_204' title='bbox 915 4235 1019 4276; x_wconf 81' lang='lat' dir='ltr'><strong>noosrs.</strong></span> <span class='ocrx_word' id='word_1_205' title='bbox 1038 4221 1080 4274; x_wconf 81' lang='lat'><strong>26.</strong></span> 
     </span>
     <span class='ocr_line' id='line_1_33' title="bbox 139 4305 659 4364; baseline -0.006 0"><span class='ocrx_word' id='word_1_206' title='bbox 139 4305 229 4364; x_wconf 83' lang='lat' dir='ltr'><strong>Bonos</strong></span> <span class='ocrx_word' id='word_1_207' title='bbox 246 4306 331 4361; x_wconf 87' lang='lat' dir='ltr'><strong>multi</strong></span> <span class='ocrx_word' id='word_1_208' title='bbox 349 4305 457 4364; x_wconf 90' lang='lat' dir='ltr'><strong>diaboli</strong></span> <span class='ocrx_word' id='word_1_209' title='bbox 474 4309 598 4362; x_wconf 87' lang='lat' dir='ltr'><strong>tentant.</strong></span> <span class='ocrx_word' id='word_1_210' title='bbox 618 4308 659 4361; x_wconf 93' lang='grc'><strong>17.</strong></span> 
     </span>
     <span class='ocr_line' id='line_1_34' title="bbox 140 4391 879 4465; baseline 0 -15"><span class='ocrx_word' id='word_1_211' title='bbox 140 4391 224 4450; x_wconf 85' lang='lat' dir='ltr'><strong>Bonis</strong></span> <span class='ocrx_word' id='word_1_212' title='bbox 241 4393 297 4450; x_wconf 86' lang='lat' dir='ltr'><strong>suis</strong></span> <span class='ocrx_word' id='word_1_213' title='bbox 314 4393 359 4448; x_wconf 87' lang='lat' dir='ltr'><strong>uti</strong></span> <span class='ocrx_word' id='word_1_214' title='bbox 376 4394 496 4465; x_wconf 86' lang='lat' dir='ltr'><strong>quilibet</strong></span> <span class='ocrx_word' id='word_1_215' title='bbox 513 4394 597 4450; x_wconf 90' lang='lat' dir='ltr'><strong>debet</strong></span> <span class='ocrx_word' id='word_1_216' title='bbox 615 4411 678 4449; x_wconf 89' lang='lat' dir='ltr'><strong>eum</strong></span> <span class='ocrx_word' id='word_1_217' title='bbox 696 4395 818 4452; x_wconf 81' lang='lat' dir='ltr'><strong>silentio.</strong></span> <span class='ocrx_word' id='word_1_218' title='bbox 836 4397 879 4451; x_wconf 85' lang='grc'><strong>58.</strong></span> 
     </span>
    </p>
   </div>
   <div class='ocr_carea' id='block_1_5' title="bbox 1037 4481 1083 4550">
    <p class='ocr_par' dir='ltr' id='par_1_5' title="bbox 1037 4481 1083 4550">
     <span class='ocr_line' id='line_1_35' title="bbox 1037 4481 1083 4550; baseline 0 -28"><span class='ocrx_word' id='word_1_219' title='bbox 1037 4481 1083 4550; x_wconf 71' lang='grc'><strong>9*</strong></span> 
     </span>
    </p>
   </div>
   <div class='ocr_carea' id='block_1_6' title="bbox 0 0 1590 4962">
    <p class='ocr_par' dir='ltr' id='par_1_6' title="bbox 0 0 1590 4962">
     <span class='ocr_line' id='line_1_36' title="bbox 0 0 1590 4962; baseline 0 2"><span class='ocrx_word' id='word_1_220' title='bbox 0 0 1590 4962; x_wconf 95' lang='lat' dir='ltr'><strong> </strong></span> 
     </span>
    </p>
   </div>
  </div>
 </body>
</html>
