3146 4962
679 307 740 370 271

136 481 186 542 est
207 478 299 556 telis,
333 498 430 562 quam
451 478 621 564 impugnat
642 478 787 559 insidiis,
820 484 853 545 et
874 481 944 546 ideo
966 503 1038 546 cum
1060 481 1160 546 hostis
1183 501 1284 559 meus,

137 584 193 666 qui
214 583 415 668 persequitur
437 605 503 661 me,
533 583 622 648 mille
643 583 759 650 habeat
789 590 873 650 artes
904 587 1053 666 nocendi,
1086 587 1175 651 mille
1205 586 1285 652 mihi

136 689 238 753 modis
260 689 500 774 repugnandum
527 695 583 754 est.
630 688 772 766 Dicitur,
804 691 886 774 quod
919 693 1048 776 qnidam
1077 692 1286 756 demoniacus

136 794 175 858 ad
191 794 294 858 virum
309 800 455 860 sanctum
470 797 623 859 adductus
646 799 704 872 est,
728 796 784 879 qui
806 817 877 860 cum
900 797 1050 880 praecepit
1072 796 1226 875 daemoni,
1249 800 1286 861 ut

110 899 236 965 eexiret
257 903 290 964 et
312 921 426 964 nomen
449 922 541 964 suum
565 899 692 978 diceret,
716 900 771 966 ille
792 902 972 985 respondit:
999 922 1056 966 nos
1079 921 1186 966 eumue
1208 906 1284 980 tres,

137 1005 192 1086 qui
215 1005 249 1068 in
272 1006 335 1070 isto
357 1005 486 1070 homine
509 1005 710 1084 habitamus,
734 1027 793 1092 ego
815 1027 908 1072 vocor
932 1007 1080 1071 claudens
1102 1028 1171 1084 cor,
1203 1006 1284 1072 alius

136 1109 236 1176 freter
258 1131 345 1174 meus
368 1114 497 1174 vocatur
530 1111 676 1175 claudens
699 1133 734 1176 os
766 1115 799 1176 et
830 1111 944 1176 tertius
976 1117 1106 1176 vocatur
1136 1110 1286 1176 claudens

138 1215 350 1299 marsupium
381 1214 521 1280 officium
549 1217 634 1280 enim
658 1237 760 1281 meum
784 1220 833 1281 est
854 1217 1028 1300 peccatoris
1051 1237 1105 1281 eor
1127 1215 1285 1294 indurare,
1419 1283 1422 1292 ,

139 1343 179 1386 ne
203 1321 303 1406 possit
324 1321 548 1386 contritionem
572 1321 697 1400 habere,
726 1325 760 1387 et
775 1322 802 1386 si
824 1321 907 1387 forte
936 1322 1128 1397 conteritur,
1159 1320 1284 1385 laborat

100 1451 125 1488 10
139 1424 239 1490 frater
260 1447 357 1504 meus,
383 1429 418 1490 ut
441 1448 461 1491 a
482 1425 677 1491 confessione
692 1426 892 1511 impediatur,
916 1430 949 1492 et
963 1426 991 1490 si
1006 1425 1090 1490 forte
1104 1426 1284 1503 confitetur,

139 1530 253 1596 tertius
275 1531 424 1614 prohibet
451 1531 647 1610 satisfacere,
678 1535 711 1596 et
740 1532 801 1597 iste
834 1532 948 1597 tertius
978 1537 1108 1598 vocatur
1136 1530 1285 1595 claudens

140 1637 344 1722 marsupium,
368 1641 400 1702 et
422 1659 478 1722 per
500 1638 584 1702 hunc
606 1637 735 1702 modum
757 1637 822 1702 fere
844 1659 953 1703 omues
975 1637 1146 1704 lucramur.

413 1809 469 1876 De
491 1812 615 1877 simia
637 1817 676 1878 et
698 1817 815 1890 taxo,
838 1813 912 1879 dial.
940 1817 1009 1879 117.

227 1950 332 2016 Taxes
355 1956 403 2016 est
425 1952 543 2016 animal
566 1953 605 2017 ad
628 1953 841 2037 quantitatem
864 1953 986 2036 vulpis,
1009 1953 1097 2036 cujus
1121 1952 1214 2037 pellis
1237 1959 1285 2018 est

102 2079 128 2118 rc
143 2056 231 2121 valde
261 2056 387 2139 hispida
418 2062 451 2121 et
482 2057 604 2123 villosa.
656 2055 704 2122 De
733 2055 792 2120 hoc
823 2056 901 2120 dicit
921 2055 1044 2121 Plinius
1074 2057 1129 2122 lib.
1155 2057 1236 2122 VIII
1258 2081 1284 2125 c.

142 2159 296 2226 XXXIX:
321 2161 446 2245 quando
461 2183 533 2226 cum
548 2162 635 2226 oanis
651 2162 839 2246 insequitur,
863 2161 1039 2226 anhelitum
1061 2165 1093 2226 et
1109 2161 1220 2227 flatum
1235 2185 1285 2228 re-

140 2266 239 2346 tinet,
269 2267 435 2331 retinendo
457 2270 560 2331 cutem
584 2267 727 2330 extendit
748 2269 781 2331 et
802 2265 849 2330 sio
869 2285 991 2330 morsus
1014 2287 1127 2330 canum
1150 2271 1182 2332 et
1204 2269 1286 2333 ictus
1404 2347 1407 2354 ἢ

140 2371 305 2437 hominum
327 2377 422 2439 arcet·
468 2371 544 2437 Haec
566 2371 668 2436 bestia
691 2371 817 2456 vulpem
840 2372 907 2436 odit
930 2375 1055 2436 etcum
1078 2393 1114 2436 co
1137 2372 1287 2439 dimicare

141 2479 312 2555 consuevit,
336 2479 389 2543 aed
409 2479 519 2544 videns
543 2479 661 2561 vulpes,
685 2477 767 2562 quod
791 2479 921 2562 propter
944 2476 1055 2542 duram
1078 2479 1144 2562 ejus
1169 2483 1201 2543 et
1223 2479 1284 2544 vil·

101 2603 127 2642 ae
141 2581 238 2648 losam
262 2583 377 2666 pellem
406 2583 517 2648 mdere
548 2605 618 2647 eum
649 2603 714 2647 non
746 2587 887 2665 poterat,
919 2603 951 2646 se
983 2581 1098 2645 vietam
1129 2583 1283 2649 simulans

140 2686 251 2772 fugam
274 2688 371 2772 petit,
395 2693 426 2753 et
449 2690 523 2753 dum
546 2693 638 2753 taxus
662 2687 800 2774 praedam
824 2686 954 2769 quaerit,
984 2686 1094 2769 vulpes
1117 2686 1284 2752 latibulum

142 2793 207 2876 ejus
230 2793 413 2859 subintrans
436 2795 528 2858 urina
559 2799 592 2858 et
621 2793 693 2858 aliis
715 2791 926 2857 immunditiis
948 2791 1015 2856 laxi
1037 2791 1216 2858 cubiculum
1232 2793 1284 2858 in·

140 2898 232 2963 ficere
255 2901 427 2977 consuevit,
450 2901 538 2983 cujus
559 2899 704 2966 foetorem
728 2898 902 2964 abhorrens
924 2896 1035 2975 melus,
1058 2896 1090 2960 id
1113 2903 1161 2962 eet
1182 2901 1285 2978 taxus,

140 3003 333 3070 defoedatum
356 3005 550 3071 domicilium
573 3005 765 3090 derelinquit
787 3007 820 3068 et
842 3003 937 3068 aliam
959 3002 1211 3069 mansiunculam
1226 3004 1288 3069 sibi

102 3129 128 3168 ce
142 3111 317 3175 necessario
339 3111 462 3194 quaerit.
507 3110 548 3175 Et
571 3111 598 3175 si
621 3110 747 3195 quando
770 3109 804 3174 in
826 3110 938 3194 hyeme
963 3109 991 3172 ei
1015 3107 1164 3172 defecerit
1187 3109 1286 3187 cibus,

143 3235 200 3297 pro
223 3215 351 3281 cibariis
374 3216 435 3280 erit
457 3236 606 3293 somnus,
639 3220 687 3280 est
709 3215 794 3280 enim
817 3212 934 3278 animal
958 3211 1094 3276 multum
1117 3213 1284 3277 dormiens.

142 3319 193 3383 Ad
216 3320 302 3386 hunc
318 3323 449 3386 accessit
464 3321 557 3386 simia
572 3322 694 3386 dicens:
718 3319 826 3396 frater,
850 3317 1050 3386 accommoda
1065 3317 1144 3381 mihi
1160 3322 1286 3383 eentum

141 3425 296 3502 marchas,
318 3426 393 3510 quie
415 3427 506 3510 cupio
529 3425 562 3490 in
587 3426 732 3509 pertibus
755 3423 973 3490 ultramarinis
993 3422 1151 3508 negotiari
1182 3429 1215 3488 et
1236 3424 1285 3488 lu·

141 3550 231 3594 crum
252 3531 388 3596 fideliter
409 3535 513 3598 tecum
544 3531 691 3596 dividme.
737 3529 796 3594 (lui
827 3513 937 3594 taxus:
970 3528 1029 3592 hoc
1058 3526 1195 3591 libenter
1228 3527 1289 3592 tibi

101 3657 127 3694 ac
142 3657 292 3714 annuam,
316 3635 467 3719 quoniam
490 3637 648 3719 quiescere
669 3639 811 3719 peropto,
835 3634 863 3699 ei
884 3632 965 3698 mihi
987 3631 1184 3714 fidejussores
1199 3631 1289 3696 dabis

142 3745 174 3806 et
196 3741 445 3806 instrumentum
466 3763 522 3826 per
538 3763 667 3806 manum
687 3740 802 3805 notarii
820 3738 899 3802 mihi
915 3737 1022 3802 faciae.
1067 3735 1166 3802 Simia
1180 3741 1287 3802 autern

142 3847 293 3912 bubalum
315 3853 348 3912 et
370 3851 496 3912 taurum
519 3847 715 3930 fidejussores
738 3844 881 3909 instituit
906 3847 939 3907 et
961 3841 1206 3928 chirographum
1230 3864 1288 3927 per

142 3974 254 4018 manus
277 3953 436 4036 sonipedis
458 3952 640 4036 relinquens
670 3952 710 4016 ad
734 3955 839 4035 partes
862 3970 933 4013 suas
957 3947 1109 4032 migravit
1140 3951 1173 4010 et
1204 3969 1288 4011 nun-

141 4079 236 4142 quam
259 4058 362 4124 rediit.
409 4057 512 4122 Tarus
537 4061 643 4123 autem
667 4057 785 4135 videns,
810 4055 893 4138 quod
909 4053 1022 4118 illusus
1048 4055 1130 4117 esset
1152 4051 1288 4132 asimia,

101 4183 160 4227 eea
182 4163 417 4248 fidejussoribus
440 4163 534 4246 petiit
556 4161 796 4228 accommodata.
843 4158 909 4244 Ipsi
932 4179 1005 4222 vero
1027 4156 1201 4222 sibilabant
1216 4162 1288 4241 post

141 4269 247 4352 ipsum
277 4273 310 4334 et
333 4269 601 4352 quamplurimum
630 4268 823 4353 spernebant
845 4286 925 4330 eum.
972 4263 1077 4326 Tarus
1099 4266 1206 4326 autem
1228 4261 1289 4327 hoc

137 4375 239 4458 judici
260 4373 414 4440 indicavit
435 4374 603 4440 ostendeus
618 4373 647 4438 ei
662 4371 916 4458 chirographum.
955 4366 1059 4434 Judex
1081 4367 1189 4452 itaque
1211 4367 1288 4434 fide-
