3082 4938
798 257 862 322 202

254 425 342 507 ficio,
375 429 450 496 lecte
471 429 597 516 quidem
621 429 683 514 piis
712 432 746 494 et
771 428 928 512 jucunde,
963 429 1072 515 impiis
1092 435 1198 497 eutem
1221 431 1351 518 ingrate
1373 437 1407 497 et

254 533 407 600 luctuose.
452 534 542 611 Quod
574 535 679 619 ipsum
708 535 784 619 quie
812 537 861 600 vei
894 557 957 601 non
989 536 1145 623 intelligit
1171 538 1235 602 vel.
1250 539 1408 602 invidiose

255 639 453 716 dissimulat,
484 641 516 703 et
545 639 689 724 pristine)
720 661 784 704 sure
814 641 983 726 dignitatis
1012 641 1331 728 po[Riij]tentiaeque
1355 665 1407 708 re-

255 745 491 829 cuperationem
513 744 574 810 sibi
596 746 767 830 promittit,
792 745 861 810 ideo
884 747 1021 812 menime
1036 747 1230 831 deplorando
1244 750 1292 812 est
1305 744 1409 833 ipsius

256 847 408 928 condicio,
432 853 469 914 ut
491 871 583 934 quem
599 849 685 916 Deus
707 851 874 936 proposuit
896 852 987 916 nobis
1002 851 1089 918 velut
1106 852 1233 938 insigne
1248 851 1408 936 quoddam

256 953 431 1038 exemplar,
467 955 501 1020 in
534 976 596 1038 quo
626 955 881 1042 magnitudinem
909 958 965 1022 iree
995 957 1095 1043 ipsius
1118 963 1151 1024 et
1173 956 1408 1022 vehementiam

255 1059 512 1144 contemplemur.

343 1164 423 1230 Com
445 1165 546 1250 igitur
567 1165 606 1232 ed
630 1165 715 1231 hunc
737 1165 864 1231 modum
887 1189 937 1233 ree
953 1167 1095 1253 ipsorum
1109 1169 1259 1248 habeant,
1282 1171 1408 1234 nullam

256 1271 294 1334 ut
315 1267 398 1334 ferre
419 1275 537 1353 queant
559 1270 735 1356 legitimam
758 1272 984 1356 cognitionem,
1008 1277 1041 1340 et
1061 1273 1156 1339 simul
1178 1295 1266 1359 spem
1278 1295 1408 1339 onmem

256 1375 431 1460 praecident
453 1377 691 1457 emendationis,
714 1377 920 1462 cogitandum
942 1383 991 1444 est
1013 1379 1084 1458 tibi,
1107 1379 1221 1460 Caeser,
1249 1379 1407 1463 deinceps,

257 1479 333 1564 quid
349 1479 434 1546 Deus
456 1481 606 1566 requiret,
630 1503 688 1547 nec
709 1482 854 1550 habende
875 1487 924 1548 est
945 1485 1027 1551 retio
1049 1485 1116 1550 ullo
1130 1486 1272 1571 tyranni,
1295 1485 1352 1568 qui
1377 1489 1410 1548 te

257 1585 452 1671 majoresque
482 1590 554 1652 tuoe
583 1587 787 1670 jurejurando
817 1589 878 1653 sihi
908 1611 973 1654 non
1002 1590 1066 1654 elie
1088 1590 1126 1655 de
1148 1610 1242 1654 cause
1264 1589 1410 1654 devinxit

258 1711 353 1774 quem
375 1695 413 1755 ut
434 1695 525 1756 tento
547 1690 693 1760 licentius
714 1697 748 1758 et
769 1694 1006 1761 immoderatius
1029 1696 1137 1761 omnic
1152 1695 1305 1773 turbaret,
1330 1694 1408 1759 mis·

258 1800 342 1862 ceret
363 1817 400 1862 ec
421 1802 662 1880 conspurcaret,
695 1821 760 1864 non
790 1821 879 1866 secus
908 1821 944 1866 ao
971 1801 997 1865 si
1020 1805 1107 1866 totus
1129 1800 1182 1866 hic
1204 1799 1291 1865 orbis
1314 1804 1409 1864 terrae

259 1905 292 1966 ct
313 1901 462 1986 quiequid
485 1923 522 1967 eo
544 1903 743 1981 continetur,
775 1905 816 1970 ob
844 1905 945 1990 ipsius
974 1909 1101 1972 tentum
1131 1907 1174 1970 sit
1195 1905 1299 1970 iectus
1322 1926 1409 1971 com-

258 2007 443 2084 mediore,
470 2011 503 2072 et
524 2010 614 2090 qussi
636 2009 708 2093 plus
730 2009 765 2074 in
787 2011 857 2094 ipso
881 2031 943 2076 nno
966 2010 1143 2096 prudentias
1165 2011 1209 2074 sit
1230 2013 1263 2074 et
1285 2008 1410 2096 ingenii

259 2115 292 2178 et
313 2111 482 2196 probitatis
505 2115 537 2177 et
558 2112 775 2180 sanctimonie
797 2136 892 2198 quem
921 2115 955 2179 in
985 2115 1117 2201 reliquis
1144 2115 1294 2180 omuibus
1323 2136 1409 2180 mor·

825 2237 843 2274 *

259 2324 487 2410 changement,
512 2323 600 2409 dy-je
621 2326 761 2408 pleisent
783 2327 950 2410 et'joyeux
972 2348 1034 2391 oux
1056 2347 1134 2411 gene
1157 2325 1195 2390 de
1218 2324 1308 2403 bien,
1345 2323 1410 2388 fas·

259 2429 359 2496 cheux
380 2433 414 2494 et
434 2429 629 2514 despicisent
651 2451 712 2495 eux
734 2430 892 2496 mechens.

826 2551 844 2592 e

260 2641 334 2706 ledo
366 2640 517 2706 beneficio
547 2640 586 2706 de
607 2637 703 2706 Dicet
739 2640 844 2726 nlegre
872 2661 931 2726 por
958 2641 1057 2705 cierto
1079 2661 1100 2724 y
1122 2661 1254 2725 gozoss,
1286 2663 1308 2725 y
1337 2641 1410 2706 bien

261 2745 405 2813 recebidc
427 2746 466 2811 de
488 2745 535 2810 los
563 2745 652 2829 pios,
686 2767 763 2830 pero
789 2767 831 2810 no
854 2745 936 2812 neda
957 2744 1144 2830 egredehle,
1176 2769 1197 2830 y
1220 2767 1296 2829 mup
1318 2745 1411 2810 triete

261 2873 338 2935 pare
359 2849 407 2914 ios
429 2833 551 2933 ir'npios.

828 2972 846 3013 e

349 3061 452 3127 Dweil
481 3061 528 3126 sie
556 3062 638 3128 donn
669 3062 745 3127 elles
778 3061 954 3126 irrthumhs
984 3062 1037 3126 ein
1065 3059 1197 3139 ursech,
1232 3057 1312 3124 euch
1349 3058 1413 3122 iter

262 3165 491 3252 mishendiung
512 3187 547 3232 eo
570 3167 700 3232 clerlich
723 3163 937 3232 dherwunden
960 3165 1051 3243 sind,
1082 3165 1138 3230 des
1160 3164 1206 3228 sie
1228 3162 1331 3226 weder
1353 3181 1410 3245 ge-

159 3299 164 3306 ·
263 3273 349 3337 mein
364 3272 447 3338 noch
461 3269 615 3338 Notionel
637 3271 768 3348 Concili,
793 3270 874 3336 noch
896 3270 1019 3336 einiehe
1040 3269 1147 3334 reehte
1169 3267 1336 3333 erkentnis
1359 3266 1413 3330 der

264 3377 380 3444 sochen
408 3376 511 3441 leidcn
543 3382 680 3461 mdgen,
713 3373 870 3440 erfordert
903 3374 953 3439 die
984 3372 1115 3438 hdchste
1144 3368 1411 3438 unvermeidliehe

263 3481 419 3558 notnrfft,
452 3481 507 3546 des
531 3479 565 3544 Ε.
590 3479 633 3544 Μ.
658 3473 818 3544 hinfdrter
847 3477 1008 3564 gedenck,
1041 3477 1152 3555 mehr,
1186 3499 1250 3542 was
1273 3476 1318 3542 sie
1342 3475 1411 3540 dem

264 3588 404 3654 dhristen
428 3585 559 3651 Richter
580 3586 634 3649 der
666 3585 784 3650 droben
816 3585 926 3661 eitzet,
961 3582 1106 3668 eehuldig
1136 3583 1199 3659 ist,
1235 3581 1319 3645 denn
1349 3599 1412 3644 eres

265 3693 348 3758 diser
369 3693 437 3757 euff
457 3690 642 3778 gewiekelte
662 3694 757 3774 tyren
779 3690 901 3756 fordert
916 3689 980 3754 und
996 3688 1121 3774 gebeut.
1151 3685 1299 3752 Welcher
1315 3684 1352 3751 E.
1369 3683 1410 3749 M.

265 3798 344 3864 euch
368 3798 462 3863 deren
485 3797 648 3874 vorferen,
683 3794 852 3860 Rdmisehc
874 3795 1003 3871 Keiser,
1035 3815 1107 3858 zum
1129 3791 1190 3856 Eid
1219 3811 1410 3877 gezwungen

264 3905 340 3983 het,
373 3904 474 3969 demit
503 3926 537 3968 er
567 3903 656 3970 desto
684 3902 779 3968 freier
808 3901 874 3966 und
902 3898 1060 3977 eicherer,
1095 3897 1158 3962 elle
1187 3895 1326 3980 gdtliche
1349 3891 1412 3959 und

265 4009 422 4074 ueltliehe
444 4009 567 4086 eeehen,
591 4007 805 4083 vermieehen,
829 4005 1009 4080 rerwirren,
1032 4001 1194 4079 besudlen,
1218 3996 1411 4064 veronreini-

266 4133 327 4199 gen
352 4113 416 4177 und
439 4113 657 4190 umbstoseen,
690 4111 769 4176 euch
800 4111 979 4175 dermessen
1011 4108 1167 4193 geberen,
1202 4104 1266 4168 und
1289 4102 1410 4166 siohin

268 4217 362 4281 aliem
384 4217 503 4281 seinem
526 4217 607 4283 rhun
632 4213 775 4301 erreigen
800 4215 916 4292 mdeht,
941 4213 988 4278 ele
1003 4212 1043 4276 oh
1059 4213 1109 4276 die
1121 4213 1234 4295 gentze
1249 4207 1323 4272 weit
1338 4207 1412 4271 umb

267 4321 499 4392 scinentwillen
522 4323 699 4409 geschaffen
723 4343 815 4401 were,
838 4319 904 4384 und
927 4319 983 4384 des
1004 4317 1094 4381 inim
1111 4314 1217 4392 ellein,
1239 4310 1330 4378 mehr
1345 4332 1412 4376 rer·
