<?xml version="1.0" encoding="UTF-8"?>
<!DOCTYPE html PUBLIC "-//W3C//DTD XHTML 1.0 Transitional//EN"
    "http://www.w3.org/TR/xhtml1/DTD/xhtml1-transitional.dtd">
<html xmlns="http://www.w3.org/1999/xhtml" xml:lang="en" lang="en">
 <head>
  <title>
</title>
<meta http-equiv="Content-Type" content="text/html;charset=utf-8" />
  <meta name='ocr-system' content='tesseract 3.04.00' />
  <meta name='ocr-capabilities' content='ocr_page ocr_carea ocr_par ocr_line ocrx_word'/>
</head>
<body>
  <div class='ocr_page' id='page_1' title='image "./zweiredenankais02sleigoog/zweiredenankais02sleigoog_0807.png"; bbox 0 0 3146 4962; ppageno 0'>
   <div class='ocr_carea' id='block_1_1' title="bbox 802 217 866 283">
    <p class='ocr_par' dir='ltr' id='par_1_1' title="bbox 802 217 866 283">
     <span class='ocr_line' id='line_1_1' title="bbox 802 217 866 283; baseline 0 0"><span class='ocrx_word' id='word_1_1' title='bbox 802 217 866 283; x_wconf 67' lang='lat'>208</span> 
     </span>
    </p>
   </div>
   <div class='ocr_carea' id='block_1_2' title="bbox 215 386 1414 2258">
    <p class='ocr_par' dir='ltr' id='par_1_2' title="bbox 215 386 1414 2258">
     <span class='ocr_line' id='line_1_2' title="bbox 256 386 1414 476; baseline 0.008 -24"><span class='ocrx_word' id='word_1_2' title='bbox 256 386 458 454; x_wconf 86' lang='lat' dir='ltr'>Helinandus</span> <span class='ocrx_word' id='word_1_3' title='bbox 478 387 756 476; x_wconf 81' lang='lat' dir='ltr'>historiographus</span> <span class='ocrx_word' id='word_1_4' title='bbox 786 392 824 456; x_wconf 91' lang='lat' dir='ltr'>de</span> <span class='ocrx_word' id='word_1_5' title='bbox 851 391 937 456; x_wconf 79' lang='lat' dir='ltr'>AEllio</span> <span class='ocrx_word' id='word_1_6' title='bbox 964 392 1114 459; x_wconf 80' lang='lat' dir='ltr'><strong>Adriano.</strong></span> <span class='ocrx_word' id='word_1_7' title='bbox 1169 395 1232 472; x_wconf 80' lang='lat' dir='ltr'>Qui</span> <span class='ocrx_word' id='word_1_8' title='bbox 1264 417 1337 460; x_wconf 88' lang='lat' dir='ltr'>cum</span> <span class='ocrx_word' id='word_1_9' title='bbox 1370 397 1414 461; x_wconf 85' lang='lat' dir='ltr'>de</span> 
     </span>
     <span class='ocr_line' id='line_1_3' title="bbox 256 496 1411 581; baseline 0.006 -23"><span class='ocrx_word' id='word_1_10' title='bbox 256 497 401 559; x_wconf 86' lang='lat' dir='ltr'>senatore</span> <span class='ocrx_word' id='word_1_11' title='bbox 422 499 505 560; x_wconf 87' lang='lat' dir='ltr'>esset</span> <span class='ocrx_word' id='word_1_12' title='bbox 524 501 647 561; x_wconf 87' lang='lat' dir='ltr'>creatus</span> <span class='ocrx_word' id='word_1_13' title='bbox 663 496 836 581; x_wconf 90' lang='lat' dir='ltr'>imperator</span> <span class='ocrx_word' id='word_1_14' title='bbox 858 502 890 562; x_wconf 87' lang='lat' dir='ltr'>et</span> <span class='ocrx_word' id='word_1_15' title='bbox 904 497 1090 564; x_wconf 77' lang='lat' dir='ltr'>obsecrante</span> <span class='ocrx_word' id='word_1_16' title='bbox 1105 503 1227 576; x_wconf 88' lang='lat' dir='ltr'>senatu,</span> <span class='ocrx_word' id='word_1_17' title='bbox 1250 504 1288 564; x_wconf 90' lang='lat' dir='ltr'>ut</span> <span class='ocrx_word' id='word_1_18' title='bbox 1303 499 1411 565; x_wconf 87' lang='lat' dir='ltr'>filiurn</span> 
     </span>
     <span class='ocr_line' id='line_1_4' title="bbox 256 597 1410 684; baseline 0.009 -24"><span class='ocrx_word' id='word_1_19' title='bbox 256 617 349 662; x_wconf 85' lang='lat' dir='ltr'>suum</span> <span class='ocrx_word' id='word_1_20' title='bbox 382 599 564 684; x_wconf 83' lang='lat' dir='ltr'>Angustum</span> <span class='ocrx_word' id='word_1_21' title='bbox 595 597 749 665; x_wconf 80' lang='lat' dir='ltr'>Oaesarem</span> <span class='ocrx_word' id='word_1_22' title='bbox 778 621 885 666; x_wconf 88' lang='lat' dir='ltr'>secum</span> <span class='ocrx_word' id='word_1_23' title='bbox 914 603 1112 682; x_wconf 84' lang='lat' dir='ltr'>nominaret,</span> <span class='ocrx_word' id='word_1_24' title='bbox 1146 603 1290 670; x_wconf 86' lang='lat' dir='ltr'>sufficere</span> <span class='ocrx_word' id='word_1_25' title='bbox 1320 607 1410 670; x_wconf 89' lang='lat' dir='ltr'>enim</span> 
     </span>
     <span class='ocr_line' id='line_1_5' title="bbox 256 701 1408 791; baseline 0.009 -26"><span class='ocrx_word' id='word_1_26' title='bbox 256 701 358 780; x_wconf 86' lang='lat' dir='ltr'>debet,</span> <span class='ocrx_word' id='word_1_27' title='bbox 383 702 498 786; x_wconf 85' lang='lat' dir='ltr'>inquit,</span> <span class='ocrx_word' id='word_1_28' title='bbox 527 709 564 768; x_wconf 89' lang='lat' dir='ltr'>ut</span> <span class='ocrx_word' id='word_1_29' title='bbox 585 725 644 790; x_wconf 86' lang='lat' dir='ltr'>ego</span> <span class='ocrx_word' id='word_1_30' title='bbox 666 704 787 770; x_wconf 85' lang='lat' dir='ltr'>inritus</span> <span class='ocrx_word' id='word_1_31' title='bbox 810 707 1019 791; x_wconf 80' lang='lat' dir='ltr'>regnaverim,</span> <span class='ocrx_word' id='word_1_32' title='bbox 1043 729 1115 772; x_wconf 91' lang='lat' dir='ltr'>cum</span> <span class='ocrx_word' id='word_1_33' title='bbox 1138 729 1203 772; x_wconf 90' lang='lat' dir='ltr'>non</span> <span class='ocrx_word' id='word_1_34' title='bbox 1225 711 1408 790; x_wconf 86' lang='lat' dir='ltr'>meruerim,</span> 
     </span>
     <span class='ocr_line' id='line_1_6' title="bbox 229 805 1410 900; baseline 0.012 -33"><span class='ocrx_word' id='word_1_35' title='bbox 229 805 453 890; x_wconf 80' lang='lat' dir='ltr'>eprincipatus</span> <span class='ocrx_word' id='word_1_36' title='bbox 476 807 561 873; x_wconf 90' lang='lat' dir='ltr'>enim</span> <span class='ocrx_word' id='word_1_37' title='bbox 586 830 649 874; x_wconf 90' lang='lat' dir='ltr'>non</span> <span class='ocrx_word' id='word_1_38' title='bbox 673 810 823 894; x_wconf 87' lang='lat' dir='ltr'>sanguini</span> <span class='ocrx_word' id='word_1_39' title='bbox 846 810 988 889; x_wconf 89' lang='lat' dir='ltr'>debetur,</span> <span class='ocrx_word' id='word_1_40' title='bbox 1012 812 1065 876; x_wconf 89' lang='lat' dir='ltr'>scd</span> <span class='ocrx_word' id='word_1_41' title='bbox 1087 813 1218 878; x_wconf 88' lang='lat' dir='ltr'>meritis.</span> <span class='ocrx_word' id='word_1_42' title='bbox 1265 813 1308 878; x_wconf 84' lang='lat' dir='ltr'>Et</span> <span class='ocrx_word' id='word_1_43' title='bbox 1323 839 1410 900; x_wconf 83' lang='lat' dir='ltr'>saepe</span> 
     </span>
     <span class='ocr_line' id='line_1_7' title="bbox 255 912 1410 1002; baseline 0.007 -25"><span class='ocrx_word' id='word_1_44' title='bbox 255 912 380 977; x_wconf 87' lang='lat' dir='ltr'>inutilis</span> <span class='ocrx_word' id='word_1_45' title='bbox 403 933 503 998; x_wconf 89' lang='lat' dir='ltr'>regno</span> <span class='ocrx_word' id='word_1_46' title='bbox 526 916 590 993; x_wconf 89' lang='lat' dir='ltr'>est,</span> <span class='ocrx_word' id='word_1_47' title='bbox 622 914 677 997; x_wconf 90' lang='lat' dir='ltr'>qui</span> <span class='ocrx_word' id='word_1_48' title='bbox 706 935 761 979; x_wconf 85' lang='lat' dir='ltr'>rex</span> <span class='ocrx_word' id='word_1_49' title='bbox 785 915 935 979; x_wconf 84' lang='lat' dir='ltr'>nascitur.</span> <span class='ocrx_word' id='word_1_50' title='bbox 982 914 1096 980; x_wconf 91' lang='lat' dir='ltr'>Procul</span> <span class='ocrx_word' id='word_1_51' title='bbox 1118 915 1214 983; x_wconf 89' lang='lat' dir='ltr'>dubio</span> <span class='ocrx_word' id='word_1_52' title='bbox 1236 924 1410 1002; x_wconf 89' lang='lat' dir='ltr'>parentum</span> 
     </span>
     <span class='ocr_line' id='line_1_8' title="bbox 255 1019 1410 1110; baseline 0.006 -26"><span class='ocrx_word' id='word_1_53' title='bbox 255 1019 404 1084; x_wconf 82' lang='lat' dir='ltr'>ellectum</span> <span class='ocrx_word' id='word_1_54' title='bbox 427 1019 535 1098; x_wconf 90' lang='lat' dir='ltr'>nescit,</span> <span class='ocrx_word' id='word_1_55' title='bbox 559 1019 615 1101; x_wconf 90' lang='lat' dir='ltr'>qui</span> <span class='ocrx_word' id='word_1_56' title='bbox 638 1019 787 1102; x_wconf 81' lang='lat' dir='ltr'>parrulos</span> <span class='ocrx_word' id='word_1_57' title='bbox 810 1041 883 1084; x_wconf 89' lang='lat' dir='ltr'>suos</span> <span class='ocrx_word' id='word_1_58' title='bbox 906 1019 1104 1104; x_wconf 71' lang='lat' dir='ltr'>importabili</span> <span class='ocrx_word' id='word_1_59' title='bbox 1127 1023 1211 1087; x_wconf 89' lang='lat' dir='ltr'>mole</span> <span class='ocrx_word' id='word_1_60' title='bbox 1229 1025 1410 1110; x_wconf 75' lang='lat' dir='ltr'>superjecta</span> 
     </span>
     <span class='ocr_line' id='line_1_9' title="bbox 255 1123 1408 1215; baseline 0.005 -25"><span class='ocrx_word' id='word_1_61' title='bbox 255 1124 442 1211; x_wconf 75' lang='lat' dir='ltr'>exstinguit,</span> <span class='ocrx_word' id='word_1_62' title='bbox 466 1123 525 1188; x_wconf 90' lang='lat' dir='ltr'>hoc</span> <span class='ocrx_word' id='word_1_63' title='bbox 546 1124 633 1188; x_wconf 89' lang='lat' dir='ltr'>enim</span> <span class='ocrx_word' id='word_1_64' title='bbox 655 1127 703 1188; x_wconf 88' lang='lat' dir='ltr'>cst</span> <span class='ocrx_word' id='word_1_65' title='bbox 726 1124 880 1190; x_wconf 86' lang='lat' dir='ltr'>suffocare</span> <span class='ocrx_word' id='word_1_66' title='bbox 901 1124 994 1204; x_wconf 88' lang='lat' dir='ltr'>filios,</span> <span class='ocrx_word' id='word_1_67' title='bbox 1018 1147 1082 1189; x_wconf 93' lang='lat' dir='ltr'>non</span> <span class='ocrx_word' id='word_1_68' title='bbox 1105 1148 1163 1210; x_wconf 90' lang='lat' dir='ltr'>pro</span> <span class='ocrx_word' id='word_1_69' title='bbox 1186 1130 1308 1194; x_wconf 87' lang='lat' dir='ltr'>meritis</span> <span class='ocrx_word' id='word_1_70' title='bbox 1329 1152 1408 1215; x_wconf 88' lang='lat' dir='ltr'>pro·</span> 
     </span>
     <span class='ocr_line' id='line_1_10' title="bbox 255 1227 1406 1312; baseline 0.004 -17"><span class='ocrx_word' id='word_1_71' title='bbox 255 1251 389 1296; x_wconf 84' lang='lat' dir='ltr'>movere.</span> <span class='ocrx_word' id='word_1_72' title='bbox 435 1227 551 1294; x_wconf 82' lang='lat' dir='ltr'>Alendi</span> <span class='ocrx_word' id='word_1_73' title='bbox 573 1233 649 1292; x_wconf 89' lang='lat' dir='ltr'>sunt</span> <span class='ocrx_word' id='word_1_74' title='bbox 671 1228 756 1292; x_wconf 89' lang='lat' dir='ltr'>enim</span> <span class='ocrx_word' id='word_1_75' title='bbox 779 1233 811 1293; x_wconf 88' lang='lat' dir='ltr'>et</span> <span class='ocrx_word' id='word_1_76' title='bbox 832 1228 1006 1294; x_wconf 83' lang='lat' dir='ltr'>virtutibus</span> <span class='ocrx_word' id='word_1_77' title='bbox 1018 1231 1194 1310; x_wconf 83' lang='lat' dir='ltr'>exercendi,</span> <span class='ocrx_word' id='word_1_78' title='bbox 1217 1238 1265 1312; x_wconf 86' lang='lat' dir='ltr'>ut,</span> <span class='ocrx_word' id='word_1_79' title='bbox 1281 1255 1350 1300; x_wconf 90' lang='lat' dir='ltr'>curn</span> <span class='ocrx_word' id='word_1_80' title='bbox 1369 1237 1406 1300; x_wconf 91' lang='lat' dir='ltr'>in</span> 
     </span>
     <span class='ocr_line' id='line_1_11' title="bbox 215 1333 1407 1424; baseline 0.011 -32"><span class='ocrx_word' id='word_1_81' title='bbox 215 1355 241 1394; x_wconf 76' lang='lat' dir='ltr'>ao</span> <span class='ocrx_word' id='word_1_82' title='bbox 255 1335 295 1400; x_wconf 88' lang='lat' dir='ltr'>iis</span> <span class='ocrx_word' id='word_1_83' title='bbox 326 1334 535 1418; x_wconf 76' lang='lat' dir='ltr'>profecerint,</span> <span class='ocrx_word' id='word_1_84' title='bbox 572 1333 748 1418; x_wconf 85' lang='lat' dir='ltr'>probentur</span> <span class='ocrx_word' id='word_1_85' title='bbox 778 1333 851 1398; x_wconf 91' lang='lat' dir='ltr'>illos</span> <span class='ocrx_word' id='word_1_86' title='bbox 882 1334 1055 1399; x_wconf 85' lang='lat' dir='ltr'>virtutibus</span> <span class='ocrx_word' id='word_1_87' title='bbox 1088 1337 1291 1417; x_wconf 78' lang='lat' dir='ltr'>antecedere,</span> <span class='ocrx_word' id='word_1_88' title='bbox 1323 1361 1407 1424; x_wconf 86' lang='lat' dir='ltr'>quos</span> 
     </span>
     <span class='ocr_line' id='line_1_12' title="bbox 255 1438 1407 1526; baseline 0.003 -20"><span class='ocrx_word' id='word_1_89' title='bbox 255 1441 372 1506; x_wconf 88' lang='lat' dir='ltr'>debent</span> <span class='ocrx_word' id='word_1_90' title='bbox 387 1439 506 1505; x_wconf 90' lang='lat' dir='ltr'>honore</span> <span class='ocrx_word' id='word_1_91' title='bbox 521 1439 651 1504; x_wconf 84' lang='lat' dir='ltr'>anteire</span> <span class='ocrx_word' id='word_1_92' title='bbox 698 1438 879 1522; x_wconf 85' lang='lat' dir='ltr'>Implebant</span> <span class='ocrx_word' id='word_1_93' title='bbox 901 1441 987 1504; x_wconf 90' lang='lat' dir='ltr'>enim</span> <span class='ocrx_word' id='word_1_94' title='bbox 1004 1460 1099 1523; x_wconf 91' lang='lat' dir='ltr'>opere</span> <span class='ocrx_word' id='word_1_95' title='bbox 1114 1441 1193 1506; x_wconf 92' lang='lat' dir='ltr'>illud</span> <span class='ocrx_word' id='word_1_96' title='bbox 1209 1449 1407 1526; x_wconf 77' lang='lat' dir='ltr'>praeceptum</span> 
     </span>
     <span class='ocr_line' id='line_1_13' title="bbox 254 1543 1407 1628; baseline 0.003 -17"><span class='ocrx_word' id='word_1_97' title='bbox 254 1545 374 1614; x_wconf 75' lang='lat' dir='ltr'>Euclea.</span> <span class='ocrx_word' id='word_1_98' title='bbox 397 1544 479 1610; x_wconf 86' lang='lat' dir='ltr'>VII:</span> <span class='ocrx_word' id='word_1_99' title='bbox 511 1544 577 1610; x_wconf 92' lang='lat' dir='ltr'>noli</span> <span class='ocrx_word' id='word_1_100' title='bbox 607 1564 746 1628; x_wconf 78' lang='lat' dir='ltr'>quaerere</span> <span class='ocrx_word' id='word_1_101' title='bbox 768 1543 839 1608; x_wconf 87' lang='lat' dir='ltr'>fieri</span> <span class='ocrx_word' id='word_1_102' title='bbox 857 1544 971 1626; x_wconf 84' lang='lat' dir='ltr'>judex,</span> <span class='ocrx_word' id='word_1_103' title='bbox 1004 1545 1067 1608; x_wconf 88' lang='lat' dir='ltr'>nisi</span> <span class='ocrx_word' id='word_1_104' title='bbox 1089 1545 1194 1612; x_wconf 83' lang='lat' dir='ltr'>valeas</span> <span class='ocrx_word' id='word_1_105' title='bbox 1216 1549 1335 1614; x_wconf 86' lang='lat' dir='ltr'>virtute</span> <span class='ocrx_word' id='word_1_106' title='bbox 1358 1551 1407 1614; x_wconf 92' lang='lat' dir='ltr'>ir·</span> 
     </span>
     <span class='ocr_line' id='line_1_14' title="bbox 255 1647 1406 1735; baseline 0.003 -20"><span class='ocrx_word' id='word_1_107' title='bbox 255 1671 402 1735; x_wconf 84' lang='lat' dir='ltr'>rumpere</span> <span class='ocrx_word' id='word_1_108' title='bbox 425 1649 637 1732; x_wconf 90' lang='lat' dir='ltr'>iniquitatem.</span> <span class='ocrx_word' id='word_1_109' title='bbox 684 1648 775 1713; x_wconf 86' lang='lat' dir='ltr'>Unde</span> <span class='ocrx_word' id='word_1_110' title='bbox 797 1648 832 1712; x_wconf 85' lang='lat' dir='ltr'>in</span> <span class='ocrx_word' id='word_1_111' title='bbox 855 1647 1045 1714; x_wconf 85' lang='lat' dir='ltr'>Poliorctico</span> <span class='ocrx_word' id='word_1_112' title='bbox 1074 1650 1158 1716; x_wconf 89' lang='lat' dir='ltr'>libro</span> <span class='ocrx_word' id='word_1_113' title='bbox 1181 1651 1246 1716; x_wconf 84' lang='lat' dir='ltr'>VI⁰</span> <span class='ocrx_word' id='word_1_114' title='bbox 1278 1654 1406 1734; x_wconf 87' lang='lat' dir='ltr'>dicitur,</span> 
     </span>
     <span class='ocr_line' id='line_1_15' title="bbox 254 1753 1406 1846; baseline 0.003 -25"><span class='ocrx_word' id='word_1_115' title='bbox 254 1757 339 1840; x_wconf 90' lang='lat' dir='ltr'>quod</span> <span class='ocrx_word' id='word_1_116' title='bbox 350 1755 552 1832; x_wconf 77' lang='lat' dir='ltr'>Octavianus,</span> <span class='ocrx_word' id='word_1_117' title='bbox 577 1775 649 1818; x_wconf 90' lang='lat' dir='ltr'>cum</span> <span class='ocrx_word' id='word_1_118' title='bbox 680 1753 741 1818; x_wconf 89' lang='lat' dir='ltr'>filii</span> <span class='ocrx_word' id='word_1_119' title='bbox 763 1754 812 1818; x_wconf 85' lang='lat' dir='ltr'>sui</span> <span class='ocrx_word' id='word_1_120' title='bbox 842 1753 988 1819; x_wconf 83' lang='lat' dir='ltr'>sufficere</span> <span class='ocrx_word' id='word_1_121' title='bbox 1017 1760 1149 1838; x_wconf 83' lang='lat' dir='ltr'>possent</span> <span class='ocrx_word' id='word_1_122' title='bbox 1180 1757 1219 1822; x_wconf 87' lang='lat' dir='ltr'>ed</span> <span class='ocrx_word' id='word_1_123' title='bbox 1253 1779 1406 1846; x_wconf 85' lang='lat' dir='ltr'>magnam</span> 
     </span>
     <span class='ocr_line' id='line_1_16' title="bbox 215 1859 1406 1948; baseline -0.002 -18"><span class='ocrx_word' id='word_1_124' title='bbox 215 1891 240 1930; x_wconf 78' lang='lat' dir='ltr'>re</span> <span class='ocrx_word' id='word_1_125' title='bbox 254 1863 390 1948; x_wconf 78' lang='lat' dir='ltr'>gloriam</span> <span class='ocrx_word' id='word_1_126' title='bbox 414 1859 664 1946; x_wconf 88' lang='lat' dir='ltr'>promerendam,</span> <span class='ocrx_word' id='word_1_127' title='bbox 687 1859 793 1923; x_wconf 88' lang='lat' dir='ltr'>noluit</span> <span class='ocrx_word' id='word_1_128' title='bbox 815 1880 868 1924; x_wconf 88' lang='lat' dir='ltr'>eos</span> <span class='ocrx_word' id='word_1_129' title='bbox 883 1860 1058 1926; x_wconf 91' lang='lat' dir='ltr'>honoribus</span> <span class='ocrx_word' id='word_1_130' title='bbox 1074 1863 1233 1942; x_wconf 83' lang='lat' dir='ltr'>extollere,</span> <span class='ocrx_word' id='word_1_131' title='bbox 1257 1864 1321 1928; x_wconf 89' lang='lat' dir='ltr'>nisi</span> <span class='ocrx_word' id='word_1_132' title='bbox 1336 1863 1406 1928; x_wconf 82' lang='lat' dir='ltr'>suf-</span> 
     </span>
     <span class='ocr_line' id='line_1_17' title="bbox 254 1963 1405 2053; baseline 0.001 -21"><span class='ocrx_word' id='word_1_133' title='bbox 254 1968 396 2033; x_wconf 87' lang='lat' dir='ltr'>ficienter</span> <span class='ocrx_word' id='word_1_134' title='bbox 419 1986 508 2030; x_wconf 89' lang='lat' dir='ltr'>suam</span> <span class='ocrx_word' id='word_1_135' title='bbox 539 1968 572 2030; x_wconf 91' lang='lat' dir='ltr'>et</span> <span class='ocrx_word' id='word_1_136' title='bbox 601 1963 738 2028; x_wconf 83' lang='lat' dir='ltr'>alienam</span> <span class='ocrx_word' id='word_1_137' title='bbox 760 1985 867 2028; x_wconf 88' lang='lat' dir='ltr'>curam</span> <span class='ocrx_word' id='word_1_138' title='bbox 891 1969 1021 2049; x_wconf 84' lang='lat' dir='ltr'>possent</span> <span class='ocrx_word' id='word_1_139' title='bbox 1041 1987 1098 2051; x_wconf 88' lang='lat' dir='ltr'>per</span> <span class='ocrx_word' id='word_1_140' title='bbox 1121 1968 1274 2034; x_wconf 85' lang='lat' dir='ltr'>virtutem</span> <span class='ocrx_word' id='word_1_141' title='bbox 1296 1973 1405 2053; x_wconf 86' lang='lat' dir='ltr'>prote-</span> 
     </span>
     <span class='ocr_line' id='line_1_18' title="bbox 254 2059 1405 2158; baseline 0 -20"><span class='ocrx_word' id='word_1_142' title='bbox 254 2094 338 2158; x_wconf 85' lang='lat' dir='ltr'>gere</span> <span class='ocrx_word' id='word_1_143' title='bbox 384 2070 477 2136; x_wconf 87' lang='lat' dir='ltr'>Unde</span> <span class='ocrx_word' id='word_1_144' title='bbox 498 2091 551 2136; x_wconf 89' lang='lat' dir='ltr'>eos</span> <span class='ocrx_word' id='word_1_145' title='bbox 573 2059 613 2134; x_wconf 88' lang='lat' dir='ltr'>ad</span> <span class='ocrx_word' id='word_1_146' title='bbox 635 2069 770 2154; x_wconf 88' lang='lat' dir='ltr'>gradum</span> <span class='ocrx_word' id='word_1_147' title='bbox 791 2069 973 2150; x_wconf 87' lang='lat' dir='ltr'>militarem,</span> <span class='ocrx_word' id='word_1_148' title='bbox 997 2071 1037 2135; x_wconf 88' lang='lat' dir='ltr'>ad</span> <span class='ocrx_word' id='word_1_149' title='bbox 1060 2093 1196 2151; x_wconf 86' lang='lat' dir='ltr'>cursum,</span> <span class='ocrx_word' id='word_1_150' title='bbox 1219 2075 1258 2138; x_wconf 86' lang='lat' dir='ltr'>ad</span> <span class='ocrx_word' id='word_1_151' title='bbox 1273 2075 1405 2153; x_wconf 88' lang='lat' dir='ltr'>saltum,</span> 
     </span>
     <span class='ocr_line' id='line_1_19' title="bbox 254 2173 1405 2258; baseline 0 -15"><span class='ocrx_word' id='word_1_152' title='bbox 254 2178 294 2244; x_wconf 87' lang='lat' dir='ltr'>ed</span> <span class='ocrx_word' id='word_1_153' title='bbox 315 2199 408 2242; x_wconf 87' lang='lat' dir='ltr'>usum</span> <span class='ocrx_word' id='word_1_154' title='bbox 429 2174 562 2241; x_wconf 87' lang='lat' dir='ltr'>natandi</span> <span class='ocrx_word' id='word_1_155' title='bbox 584 2178 617 2239; x_wconf 88' lang='lat' dir='ltr'>et</span> <span class='ocrx_word' id='word_1_156' title='bbox 635 2173 774 2257; x_wconf 87' lang='lat' dir='ltr'>jaciendi</span> <span class='ocrx_word' id='word_1_157' title='bbox 796 2173 917 2258; x_wconf 87' lang='lat' dir='ltr'>lapides</span> <span class='ocrx_word' id='word_1_158' title='bbox 939 2197 1037 2240; x_wconf 90' lang='lat' dir='ltr'>manu</span> <span class='ocrx_word' id='word_1_159' title='bbox 1056 2177 1106 2240; x_wconf 85' lang='lat' dir='ltr'>rel</span> <span class='ocrx_word' id='word_1_160' title='bbox 1122 2177 1222 2242; x_wconf 85' lang='lat' dir='ltr'>funda</span> <span class='ocrx_word' id='word_1_161' title='bbox 1237 2179 1405 2243; x_wconf 83' lang='lat' dir='ltr'>exercitari</span> 
     </span>
    </p>
   </div>
   <div class='ocr_carea' id='block_1_3' title="bbox 253 2277 1545 2368">
    <p class='ocr_par' dir='ltr' id='par_1_3' title="bbox 253 2277 1545 2368">
     <span class='ocr_line' id='line_1_20' title="bbox 253 2277 1545 2368; baseline -0.006 -19"><span class='ocrx_word' id='word_1_162' title='bbox 253 2283 418 2368; x_wconf 72' lang='lat' dir='ltr'>praecepit,</span> <span class='ocrx_word' id='word_1_163' title='bbox 451 2281 534 2346; x_wconf 88' lang='lat' dir='ltr'>filins</span> <span class='ocrx_word' id='word_1_164' title='bbox 565 2300 639 2345; x_wconf 89' lang='lat' dir='ltr'>vero</span> <span class='ocrx_word' id='word_1_165' title='bbox 663 2300 735 2344; x_wconf 84' lang='lat' dir='ltr'>suas</span> <span class='ocrx_word' id='word_1_166' title='bbox 758 2279 792 2342; x_wconf 90' lang='lat' dir='ltr'>in</span> <span class='ocrx_word' id='word_1_167' title='bbox 815 2277 954 2344; x_wconf 87' lang='lat' dir='ltr'>lanificio</span> <span class='ocrx_word' id='word_1_168' title='bbox 978 2281 1134 2360; x_wconf 87' lang='lat' dir='ltr'>instituit,</span> <span class='ocrx_word' id='word_1_169' title='bbox 1158 2287 1204 2360; x_wconf 90' lang='lat' dir='ltr'>ut,</span> <span class='ocrx_word' id='word_1_170' title='bbox 1238 2283 1406 2366; x_wconf 83' lang='lat' dir='ltr'>sipraeter</span> <span class='ocrx_word' id='word_1_171' title='bbox 1537 2285 1545 2328; x_wconf 65' lang='lat' dir='ltr'>t</span> 
     </span>
    </p>
   </div>
   <div class='ocr_carea' id='block_1_4' title="bbox 214 2384 1404 2891">
    <p class='ocr_par' dir='ltr' id='par_1_4' title="bbox 214 2384 1404 2891">
     <span class='ocr_line' id='line_1_21' title="bbox 214 2384 1404 2474; baseline 0 -22"><span class='ocrx_word' id='word_1_172' title='bbox 214 2413 240 2452; x_wconf 81' lang='lat' dir='ltr'>aa</span> <span class='ocrx_word' id='word_1_173' title='bbox 253 2410 341 2474; x_wconf 87' lang='lat' dir='ltr'>spem</span> <span class='ocrx_word' id='word_1_174' title='bbox 365 2389 398 2453; x_wconf 93' lang='lat' dir='ltr'>in</span> <span class='ocrx_word' id='word_1_175' title='bbox 421 2390 594 2452; x_wconf 85' lang='lat' dir='ltr'>extremam</span> <span class='ocrx_word' id='word_1_176' title='bbox 616 2385 837 2468; x_wconf 80' lang='lat' dir='ltr'>paupertatem</span> <span class='ocrx_word' id='word_1_177' title='bbox 859 2405 911 2447; x_wconf 84' lang='lat' dir='ltr'>eae</span> <span class='ocrx_word' id='word_1_178' title='bbox 933 2384 1062 2449; x_wconf 82' lang='lat' dir='ltr'>fortuna</span> <span class='ocrx_word' id='word_1_179' title='bbox 1084 2386 1276 2470; x_wconf 85' lang='lat' dir='ltr'>projecisset,</span> <span class='ocrx_word' id='word_1_180' title='bbox 1303 2388 1404 2452; x_wconf 84' lang='lat' dir='ltr'>vitam</span> 
     </span>
     <span class='ocr_line' id='line_1_22' title="bbox 254 2488 1403 2578; baseline 0 -20"><span class='ocrx_word' id='word_1_181' title='bbox 254 2516 310 2578; x_wconf 90' lang='lat' dir='ltr'>per</span> <span class='ocrx_word' id='word_1_182' title='bbox 331 2496 433 2558; x_wconf 87' lang='lat' dir='ltr'>artem</span> <span class='ocrx_word' id='word_1_183' title='bbox 454 2493 584 2575; x_wconf 86' lang='lat' dir='ltr'>possent</span> <span class='ocrx_word' id='word_1_184' title='bbox 605 2492 805 2566; x_wconf 85' lang='lat' dir='ltr'>sustentare,</span> <span class='ocrx_word' id='word_1_185' title='bbox 836 2509 911 2552; x_wconf 87' lang='lat' dir='ltr'>nam</span> <span class='ocrx_word' id='word_1_186' title='bbox 939 2488 1037 2553; x_wconf 86' lang='lat' dir='ltr'>nendi</span> <span class='ocrx_word' id='word_1_187' title='bbox 1068 2495 1101 2554; x_wconf 90' lang='lat' dir='ltr'>ct</span> <span class='ocrx_word' id='word_1_188' title='bbox 1131 2492 1258 2556; x_wconf 87' lang='lat' dir='ltr'>texendi</span> <span class='ocrx_word' id='word_1_189' title='bbox 1287 2498 1403 2573; x_wconf 83' lang='lat' dir='ltr'>vestes,</span> 
     </span>
     <span class='ocr_line' id='line_1_23' title="bbox 253 2593 1399 2682; baseline 0.002 -22"><span class='ocrx_word' id='word_1_190' title='bbox 253 2598 395 2682; x_wconf 86' lang='lat' dir='ltr'>fingendi</span> <span class='ocrx_word' id='word_1_191' title='bbox 417 2601 449 2660; x_wconf 88' lang='lat' dir='ltr'>et</span> <span class='ocrx_word' id='word_1_192' title='bbox 471 2593 680 2677; x_wconf 91' lang='lat' dir='ltr'>componendi</span> <span class='ocrx_word' id='word_1_193' title='bbox 702 2614 767 2657; x_wconf 87' lang='lat' dir='ltr'>non</span> <span class='ocrx_word' id='word_1_194' title='bbox 789 2594 882 2658; x_wconf 90' lang='lat' dir='ltr'>modo</span> <span class='ocrx_word' id='word_1_195' title='bbox 905 2596 1016 2672; x_wconf 85' lang='lat' dir='ltr'>artem,</span> <span class='ocrx_word' id='word_1_196' title='bbox 1041 2594 1097 2659; x_wconf 88' lang='lat' dir='ltr'>scd</span> <span class='ocrx_word' id='word_1_197' title='bbox 1118 2617 1211 2660; x_wconf 85' lang='lat' dir='ltr'>usum</span> <span class='ocrx_word' id='word_1_198' title='bbox 1226 2596 1399 2663; x_wconf 83' lang='lat' dir='ltr'>habebant</span> 
     </span>
     <span class='ocr_line' id='line_1_24' title="bbox 253 2695 1403 2784; baseline 0 -18"><span class='ocrx_word' id='word_1_199' title='bbox 253 2701 307 2766; x_wconf 79' lang='lat' dir='ltr'>Sic</span> <span class='ocrx_word' id='word_1_200' title='bbox 327 2700 510 2784; x_wconf 78' lang='lat' dir='ltr'>praecipitur</span> <span class='ocrx_word' id='word_1_201' title='bbox 533 2697 652 2762; x_wconf 81' lang='lat' dir='ltr'>Eccles.</span> <span class='ocrx_word' id='word_1_202' title='bbox 675 2695 775 2761; x_wconf 88' lang='lat' dir='ltr'><strong>VII⁰:</strong></span> <span class='ocrx_word' id='word_1_203' title='bbox 797 2698 826 2761; x_wconf 84' lang='lat' dir='ltr'>si</span> <span class='ocrx_word' id='word_1_204' title='bbox 846 2697 909 2761; x_wconf 90' lang='lat' dir='ltr'>tibi</span> <span class='ocrx_word' id='word_1_205' title='bbox 931 2698 997 2762; x_wconf 85' lang='lat' dir='ltr'>sint</span> <span class='ocrx_word' id='word_1_206' title='bbox 1019 2698 1089 2779; x_wconf 90' lang='lat' dir='ltr'>filii,</span> <span class='ocrx_word' id='word_1_207' title='bbox 1111 2699 1201 2764; x_wconf 88' lang='lat' dir='ltr'>erudi</span> <span class='ocrx_word' id='word_1_208' title='bbox 1216 2721 1279 2780; x_wconf 88' lang='lat' dir='ltr'>eos,</span> <span class='ocrx_word' id='word_1_209' title='bbox 1302 2705 1337 2766; x_wconf 88' lang='lat' dir='ltr'>et</span> <span class='ocrx_word' id='word_1_210' title='bbox 1350 2723 1403 2767; x_wconf 85' lang='lat' dir='ltr'>ae-</span> 
     </span>
     <span class='ocr_line' id='line_1_25' title="bbox 254 2802 1121 2891; baseline -0.003 -21"><span class='ocrx_word' id='word_1_211' title='bbox 254 2805 373 2891; x_wconf 81' lang='lat' dir='ltr'>quiter,</span> <span class='ocrx_word' id='word_1_212' title='bbox 397 2804 426 2870; x_wconf 86' lang='lat' dir='ltr'>si</span> <span class='ocrx_word' id='word_1_213' title='bbox 446 2802 508 2868; x_wconf 92' lang='lat' dir='ltr'>tibi</span> <span class='ocrx_word' id='word_1_214' title='bbox 529 2803 604 2868; x_wconf 86' lang='lat' dir='ltr'>filies</span> <span class='ocrx_word' id='word_1_215' title='bbox 625 2805 712 2882; x_wconf 85' lang='lat' dir='ltr'>sunt,</span> <span class='ocrx_word' id='word_1_216' title='bbox 735 2823 825 2868; x_wconf 82' lang='lat' dir='ltr'>serra</span> <span class='ocrx_word' id='word_1_217' title='bbox 847 2823 961 2886; x_wconf 84' lang='lat' dir='ltr'>corpus</span> <span class='ocrx_word' id='word_1_218' title='bbox 983 2803 1121 2869; x_wconf 82' lang='lat' dir='ltr'>illarum.</span> 
     </span>
    </p>
   </div>
   <div class='ocr_carea' id='block_1_5' title="bbox 213 2977 1181 3056">
    <p class='ocr_par' dir='ltr' id='par_1_5' title="bbox 213 2977 1181 3056">
     <span class='ocr_line' id='line_1_26' title="bbox 213 2977 1181 3056; baseline 0.002 -14"><span class='ocrx_word' id='word_1_219' title='bbox 213 3001 239 3042; x_wconf 78' lang='lat' dir='ltr'>aa</span> <span class='ocrx_word' id='word_1_220' title='bbox 473 2977 528 3044; x_wconf 90' lang='lat' dir='ltr'>De</span> <span class='ocrx_word' id='word_1_221' title='bbox 550 2977 702 3044; x_wconf 83' lang='lat' dir='ltr'>corro¹</span> <span class='ocrx_word' id='word_1_222' title='bbox 726 2981 770 3042; x_wconf 90' lang='lat' dir='ltr'>ct</span> <span class='ocrx_word' id='word_1_223' title='bbox 792 2977 1008 3056; x_wconf 83' lang='lat' dir='ltr'>ficedula,</span> <span class='ocrx_word' id='word_1_224' title='bbox 1032 2978 1105 3045; x_wconf 90' lang='lat' dir='ltr'>dial.</span> <span class='ocrx_word' id='word_1_225' title='bbox 1130 2981 1181 3044; x_wconf 88' lang='grc'>63.</span> 
     </span>
    </p>
   </div>
   <div class='ocr_carea' id='block_1_6' title="bbox 212 3117 1404 4046">
    <p class='ocr_par' dir='ltr' id='par_1_6' title="bbox 250 3117 1404 3519">
     <span class='ocr_line' id='line_1_27' title="bbox 340 3117 1404 3204; baseline 0.001 -20"><span class='ocrx_word' id='word_1_226' title='bbox 340 3117 476 3199; x_wconf 78' lang='lat' dir='ltr'>Corvus,</span> <span class='ocrx_word' id='word_1_227' title='bbox 498 3118 576 3184; x_wconf 89' lang='lat' dir='ltr'>dicit</span> <span class='ocrx_word' id='word_1_228' title='bbox 598 3117 745 3203; x_wconf 57' lang='lat' dir='ltr'>Pupiasl,</span> <span class='ocrx_word' id='word_1_229' title='bbox 760 3123 808 3185; x_wconf 89' lang='lat' dir='ltr'>cst</span> <span class='ocrx_word' id='word_1_230' title='bbox 831 3119 914 3198; x_wconf 85' lang='lat' dir='ltr'>avis,</span> <span class='ocrx_word' id='word_1_231' title='bbox 945 3141 1015 3202; x_wconf 80' lang='lat' dir='ltr'>qum</span> <span class='ocrx_word' id='word_1_232' title='bbox 1037 3119 1154 3185; x_wconf 88' lang='lat' dir='ltr'>dicitur</span> <span class='ocrx_word' id='word_1_233' title='bbox 1177 3119 1404 3204; x_wconf 82' lang='lat' dir='ltr'>vivamusque</span> 
     </span>
     <span class='ocr_line' id='line_1_28' title="bbox 252 3223 1402 3306; baseline -0.002 -15"><span class='ocrx_word' id='word_1_234' title='bbox 252 3225 292 3291; x_wconf 86' lang='lat' dir='ltr'>ad</span> <span class='ocrx_word' id='word_1_235' title='bbox 323 3224 545 3290; x_wconf 86' lang='lat' dir='ltr'>millenarium.</span> <span class='ocrx_word' id='word_1_236' title='bbox 591 3223 669 3289; x_wconf 73' lang='lat' dir='ltr'>Haec</span> <span class='ocrx_word' id='word_1_237' title='bbox 700 3228 807 3289; x_wconf 88' lang='lat' dir='ltr'>autem</span> <span class='ocrx_word' id='word_1_238' title='bbox 841 3223 976 3306; x_wconf 84' lang='lat' dir='ltr'>quadam</span> <span class='ocrx_word' id='word_1_239' title='bbox 1011 3224 1078 3290; x_wconf 83' lang='lat' dir='ltr'>vice</span> <span class='ocrx_word' id='word_1_240' title='bbox 1110 3224 1221 3290; x_wconf 86' lang='lat' dir='ltr'>nidum</span> <span class='ocrx_word' id='word_1_241' title='bbox 1253 3224 1402 3305; x_wconf 88' lang='lat' dir='ltr'>faciebat,</span> 
     </span>
     <span class='ocr_line' id='line_1_29' title="bbox 250 3327 1400 3416; baseline -0.002 -21"><span class='ocrx_word' id='word_1_242' title='bbox 250 3329 488 3416; x_wconf 89' lang='lat' dir='ltr'>propterquod</span> <span class='ocrx_word' id='word_1_243' title='bbox 511 3327 1036 3416; x_wconf 82' lang='lat' dir='ltr'>depilataetmacilentafiebat,</span> <span class='ocrx_word' id='word_1_244' title='bbox 1068 3349 1127 3394; x_wconf 84' lang='lat' dir='ltr'>ova</span> <span class='ocrx_word' id='word_1_245' title='bbox 1157 3350 1215 3394; x_wconf 85' lang='lat' dir='ltr'>sua</span> <span class='ocrx_word' id='word_1_246' title='bbox 1246 3328 1400 3394; x_wconf 80' lang='lat' dir='ltr'>nutriens</span> 
     </span>
     <span class='ocr_line' id='line_1_30' title="bbox 251 3433 1402 3519; baseline -0.003 -19"><span class='ocrx_word' id='word_1_247' title='bbox 251 3436 342 3501; x_wconf 68' lang='lat' dir='ltr'>&#39;lunc</span> <span class='ocrx_word' id='word_1_248' title='bbox 363 3434 505 3513; x_wconf 88' lang='lat' dir='ltr'>ficedula,</span> <span class='ocrx_word' id='word_1_249' title='bbox 528 3434 561 3499; x_wconf 90' lang='lat' dir='ltr'>id</span> <span class='ocrx_word' id='word_1_250' title='bbox 583 3439 633 3500; x_wconf 88' lang='lat' dir='ltr'>est</span> <span class='ocrx_word' id='word_1_251' title='bbox 654 3433 811 3519; x_wconf 86' lang='lat' dir='ltr'>papefigo,</span> <span class='ocrx_word' id='word_1_252' title='bbox 833 3433 872 3497; x_wconf 88' lang='lat' dir='ltr'>ad</span> <span class='ocrx_word' id='word_1_253' title='bbox 896 3455 967 3498; x_wconf 89' lang='lat' dir='ltr'>eum</span> <span class='ocrx_word' id='word_1_254' title='bbox 990 3435 1138 3500; x_wconf 77' lang='lat' dir='ltr'>accedam</span> <span class='ocrx_word' id='word_1_255' title='bbox 1161 3433 1335 3518; x_wconf 88' lang='lat' dir='ltr'>plurimum</span> <span class='ocrx_word' id='word_1_256' title='bbox 1353 3434 1402 3498; x_wconf 80' lang='lat' dir='ltr'>ri-</span> 
     </span>
    </p>

    <p class='ocr_par' dir='ltr' id='par_1_7' title="bbox 212 3537 1403 4046">
     <span class='ocr_line' id='line_1_31' title="bbox 212 3537 1400 3625; baseline -0.001 -19"><span class='ocrx_word' id='word_1_257' title='bbox 212 3559 237 3598; x_wconf 83' lang='lat' dir='ltr'>ao</span> <span class='ocrx_word' id='word_1_258' title='bbox 250 3541 419 3625; x_wconf 85' lang='lat' dir='ltr'>tuperabat</span> <span class='ocrx_word' id='word_1_259' title='bbox 440 3560 499 3604; x_wconf 89' lang='lat' dir='ltr'>nec</span> <span class='ocrx_word' id='word_1_260' title='bbox 520 3539 555 3603; x_wconf 90' lang='lat' dir='ltr'>in</span> <span class='ocrx_word' id='word_1_261' title='bbox 577 3559 653 3623; x_wconf 87' lang='lat' dir='ltr'>pace</span> <span class='ocrx_word' id='word_1_262' title='bbox 675 3539 780 3622; x_wconf 87' lang='lat' dir='ltr'>ipsum</span> <span class='ocrx_word' id='word_1_263' title='bbox 811 3537 1003 3603; x_wconf 83' lang='lat' dir='ltr'>dimittebat</span> <span class='ocrx_word' id='word_1_264' title='bbox 1049 3539 1168 3605; x_wconf 79' lang='lat' dir='ltr'>Corvus</span> <span class='ocrx_word' id='word_1_265' title='bbox 1199 3543 1305 3604; x_wconf 88' lang='lat' dir='ltr'>antem</span> <span class='ocrx_word' id='word_1_266' title='bbox 1336 3559 1400 3605; x_wconf 89' lang='lat' dir='ltr'>non</span> 
     </span>
     <span class='ocr_line' id='line_1_32' title="bbox 250 3627 1401 3728; baseline -0.005 -16"><span class='ocrx_word' id='word_1_267' title='bbox 250 3647 359 3712; x_wconf 83' lang='lat' dir='ltr'>valens</span> <span class='ocrx_word' id='word_1_268' title='bbox 381 3644 561 3728; x_wconf 88' lang='lat' dir='ltr'>relinquere</span> <span class='ocrx_word' id='word_1_269' title='bbox 582 3665 641 3708; x_wconf 88' lang='lat' dir='ltr'>ova</span> <span class='ocrx_word' id='word_1_270' title='bbox 663 3664 720 3708; x_wconf 86' lang='lat' dir='ltr'>sua</span> <span class='ocrx_word' id='word_1_271' title='bbox 741 3640 894 3706; x_wconf 90' lang='lat' dir='ltr'>nimirum</span> <span class='ocrx_word' id='word_1_272' title='bbox 917 3665 950 3709; x_wconf 88' lang='lat' dir='ltr'>se</span> <span class='ocrx_word' id='word_1_273' title='bbox 972 3645 1201 3727; x_wconf 85' lang='lat' dir='ltr'>perturbabat,</span> <span class='ocrx_word' id='word_1_274' title='bbox 1233 3627 1342 3709; x_wconf 84' lang='lat' dir='ltr'>tamen</span> <span class='ocrx_word' id='word_1_275' title='bbox 1366 3644 1401 3708; x_wconf 91' lang='lat' dir='ltr'>in</span> 
     </span>
     <span class='ocr_line' id='line_1_33' title="bbox 251 3747 1401 3828; baseline -0.005 -10"><span class='ocrx_word' id='word_1_276' title='bbox 251 3753 343 3818; x_wconf 88' lang='lat' dir='ltr'>eorde</span> <span class='ocrx_word' id='word_1_277' title='bbox 365 3751 432 3816; x_wconf 75' lang='lat' dir='ltr'>hee</span> <span class='ocrx_word' id='word_1_278' title='bbox 453 3750 561 3817; x_wconf 86' lang='lat' dir='ltr'>omnia</span> <span class='ocrx_word' id='word_1_279' title='bbox 581 3748 796 3814; x_wconf 78' lang='lat' dir='ltr'>conservabat.</span> <span class='ocrx_word' id='word_1_280' title='bbox 843 3747 922 3812; x_wconf 83' lang='lat' dir='ltr'>(lum</span> <span class='ocrx_word' id='word_1_281' title='bbox 937 3753 1043 3814; x_wconf 88' lang='lat' dir='ltr'>autem</span> <span class='ocrx_word' id='word_1_282' title='bbox 1058 3749 1119 3814; x_wconf 89' lang='lat' dir='ltr'>filii</span> <span class='ocrx_word' id='word_1_283' title='bbox 1134 3749 1239 3814; x_wconf 89' lang='lat' dir='ltr'>educti</span> <span class='ocrx_word' id='word_1_284' title='bbox 1253 3748 1401 3828; x_wconf 82' lang='lat' dir='ltr'>fuissent,</span> 
     </span>
     <span class='ocr_line' id='line_1_34' title="bbox 250 3852 1403 3941; baseline -0.002 -21"><span class='ocrx_word' id='word_1_285' title='bbox 250 3877 361 3921; x_wconf 82' lang='lat' dir='ltr'>corvus</span> <span class='ocrx_word' id='word_1_286' title='bbox 384 3856 480 3941; x_wconf 84' lang='lat' dir='ltr'>coepit</span> <span class='ocrx_word' id='word_1_287' title='bbox 503 3877 536 3920; x_wconf 89' lang='lat' dir='ltr'>se</span> <span class='ocrx_word' id='word_1_288' title='bbox 559 3875 705 3938; x_wconf 86' lang='lat' dir='ltr'>reparare</span> <span class='ocrx_word' id='word_1_289' title='bbox 728 3859 761 3918; x_wconf 89' lang='lat' dir='ltr'>et</span> <span class='ocrx_word' id='word_1_290' title='bbox 784 3852 1017 3932; x_wconf 84' lang='lat' dir='ltr'>convalescere,</span> <span class='ocrx_word' id='word_1_291' title='bbox 1046 3855 1101 3919; x_wconf 59' lang='lat' dir='ltr'>sed,</span> <span class='ocrx_word' id='word_1_292' title='bbox 1122 3854 1257 3920; x_wconf 86' lang='lat' dir='ltr'>ficedula</span> <span class='ocrx_word' id='word_1_293' title='bbox 1277 3875 1403 3919; x_wconf 78' lang='lat' dir='ltr'>reversa</span> 
     </span>
     <span class='ocr_line' id='line_1_35' title="bbox 251 3957 1400 4046; baseline 0.001 -23"><span class='ocrx_word' id='word_1_294' title='bbox 251 3960 346 4046; x_wconf 78' lang='lat' dir='ltr'>coepit</span> <span class='ocrx_word' id='word_1_295' title='bbox 368 3960 466 4025; x_wconf 87' lang='lat' dir='ltr'>rerba</span> <span class='ocrx_word' id='word_1_296' title='bbox 487 3957 716 4024; x_wconf 88' lang='lat' dir='ltr'>contumeliosa</span> <span class='ocrx_word' id='word_1_297' title='bbox 737 3957 930 4042; x_wconf 88' lang='lat' dir='ltr'>reciprocare</span> <span class='ocrx_word' id='word_1_298' title='bbox 962 3979 1097 4042; x_wconf 86' lang='lat' dir='ltr'>eumque</span> <span class='ocrx_word' id='word_1_299' title='bbox 1125 3962 1163 4022; x_wconf 90' lang='lat' dir='ltr'>ut</span> <span class='ocrx_word' id='word_1_300' title='bbox 1191 3958 1280 4042; x_wconf 86' lang='lat' dir='ltr'>prius</span> <span class='ocrx_word' id='word_1_301' title='bbox 1309 3958 1400 4024; x_wconf 84' lang='lat' dir='ltr'>deve-</span> 
     </span>
    </p>
   </div>
   <div class='ocr_carea' id='block_1_7' title="bbox 211 4063 1400 4226">
    <p class='ocr_par' dir='ltr' id='par_1_8' title="bbox 211 4063 1400 4226">
     <span class='ocr_line' id='line_1_36' title="bbox 211 4063 1400 4152; baseline 0.001 -23"><span class='ocrx_word' id='word_1_302' title='bbox 211 4081 238 4122; x_wconf 67' lang='lat' dir='ltr'>re</span> <span class='ocrx_word' id='word_1_303' title='bbox 251 4065 389 4130; x_wconf 85' lang='lat' dir='ltr'>nustare.</span> <span class='ocrx_word' id='word_1_304' title='bbox 435 4063 482 4130; x_wconf 90' lang='lat' dir='ltr'>De</span> <span class='ocrx_word' id='word_1_305' title='bbox 505 4085 568 4149; x_wconf 90' lang='lat' dir='ltr'>qno</span> <span class='ocrx_word' id='word_1_306' title='bbox 590 4085 702 4130; x_wconf 83' lang='lat' dir='ltr'>corrue</span> <span class='ocrx_word' id='word_1_307' title='bbox 717 4063 913 4148; x_wconf 89' lang='lat' dir='ltr'>indignatus,</span> <span class='ocrx_word' id='word_1_308' title='bbox 937 4063 1065 4148; x_wconf 84' lang='lat' dir='ltr'>cupiens</span> <span class='ocrx_word' id='word_1_309' title='bbox 1089 4085 1123 4129; x_wconf 88' lang='lat' dir='ltr'>se</span> <span class='ocrx_word' id='word_1_310' title='bbox 1145 4063 1306 4130; x_wconf 87' lang='lat' dir='ltr'>vindicare</span> <span class='ocrx_word' id='word_1_311' title='bbox 1326 4063 1400 4152; x_wconf 74' lang='lat' dir='ltr'>fice-</span> 
     </span>
     <span class='ocr_line' id='line_1_37' title="bbox 821 4184 840 4226; baseline 0 -8"><span class='ocrx_word' id='word_1_312' title='bbox 821 4184 840 4226; x_wconf 52' lang='grc' dir='ltr'><strong>ψ</strong></span> 
     </span>
    </p>
   </div>
   <div class='ocr_carea' id='block_1_8' title="bbox 323 4287 1285 4360">
    <p class='ocr_par' dir='ltr' id='par_1_9' title="bbox 323 4287 1285 4360">
     <span class='ocr_line' id='line_1_38' title="bbox 323 4287 1285 4360; baseline 0.002 -18"><span class='ocrx_word' id='word_1_313' title='bbox 323 4288 337 4342; x_wconf 86' lang='lat' dir='ltr'>l</span> <span class='ocrx_word' id='word_1_314' title='bbox 355 4288 421 4346; x_wconf 76' lang='lat' dir='ltr'>Allo</span> <span class='ocrx_word' id='word_1_315' title='bbox 438 4291 571 4360; x_wconf 81' lang='lat' dir='ltr'>eptteren</span> <span class='ocrx_word' id='word_1_316' title='bbox 589 4306 669 4360; x_wconf 79' lang='lat' dir='ltr'>anag.</span> <span class='ocrx_word' id='word_1_317' title='bbox 688 4287 764 4345; x_wconf 84' lang='lat' dir='ltr'>lesen</span> <span class='ocrx_word' id='word_1_318' title='bbox 781 4287 926 4359; x_wconf 82' lang='lat' dir='ltr'>unrichtig</span> <span class='ocrx_word' id='word_1_319' title='bbox 943 4290 1030 4344; x_wconf 86' lang='lat' dir='ltr'>statt:</span> <span class='ocrx_word' id='word_1_320' title='bbox 1050 4304 1165 4346; x_wconf 76' lang='lat' dir='ltr'>corvus:</span> <span class='ocrx_word' id='word_1_321' title='bbox 1183 4288 1285 4346; x_wconf 71' lang='lat' dir='ltr'>cornia</span> 
     </span>
    </p>
   </div>
   <div class='ocr_carea' id='block_1_9' title="bbox 0 0 1578 4962">
    <p class='ocr_par' dir='ltr' id='par_1_10' title="bbox 0 0 1578 4962">
     <span class='ocr_line' id='line_1_39' title="bbox 0 0 1578 4962; baseline 0 0"><span class='ocrx_word' id='word_1_322' title='bbox 0 0 1578 4962; x_wconf 95' lang='lat' dir='ltr'> </span> 
     </span>
    </p>
   </div>
  </div>
 </body>
</html>
