3172 4958
721 274 819 388 117ι

163 501 264 568 erevit
288 499 388 565 ardor.
434 497 553 564 Verum
582 499 620 564 de
641 497 701 564 boe
723 498 802 564 satis
824 498 933 578 miror,
958 499 1115 584 quomodo
1137 502 1205 565 tam
1221 503 1316 566 natu·

163 605 275 672 naliter
297 604 413 671 callida
434 593 517 690 pilos
540 603 608 669 fore
623 605 784 688 putaveris
805 604 967 683 bonatua,
990 626 1063 670 oum
1078 606 1208 684 bonurn,
1232 606 1316 689 quod

163 714 254 776 extra
275 713 309 774 te
330 709 493 787 manserit,
521 731 586 775 non
609 709 653 774 sit
674 709 841 793 proprium
863 729 922 774 neo
944 709 1026 792 quod
1050 713 1083 774 te
1106 710 1234 776 nolente
1257 711 1313 776 ab·

162 818 288 884 raditur
311 816 531 900 possessivum.
577 812 662 880 Nam
692 836 773 881 verae
796 815 916 880 divitiae
938 819 1042 880 teoum
1066 819 1143 880 sunt
1164 837 1200 880 eo
1224 814 1315 880 dum·

136 925 268 1004 vtaxat,
303 921 387 1006 quod
415 924 448 986 te
476 920 651 986 reluctante
677 920 795 988 auferri
825 943 890 986 non
912 925 1054 1005 possunt.
1101 919 1177 986 Haeo
1209 924 1316 986 autem

162 1027 280 1091 mentis
303 1027 404 1092 virtus
426 1031 489 1104 est,
520 1047 555 1091 ea
585 1045 736 1111 namque,
767 1047 838 1091 oum
869 1025 916 1090 nil
938 1024 1023 1091 aliud
1049 1025 1157 1109 cupiat
1178 1025 1313 1105 animus,

164 1131 339 1197 ditissimus
361 1131 409 1210 tit,
432 1125 595 1215 nunquam
618 1135 736 1210 buren,
759 1131 822 1196 nisi
844 1133 881 1194 ut
903 1132 1020 1196 stultus
1042 1129 1188 1208 voluerit,
1211 1129 1312 1214 ipsam

162 1236 276 1323 perdit.
322 1235 383 1302 Sed
412 1258 481 1302 oum
515 1258 552 1301 ex
573 1237 641 1322 pilo
672 1236 857 1321 superbiens
883 1236 950 1319 jam
973 1235 1109 1299 amisisti
1139 1234 1313 1299 vitiositate

163 1341 332 1420 virtutem,
355 1343 445 1407 vanis
468 1341 587 1407 divitiis
610 1346 736 1408 tumens
759 1341 855 1422 foris,
890 1342 977 1406 intus
1011 1340 1121 1406 effecta
1144 1363 1176 1406 es
1201 1343 1316 1407 natura

124 1468 149 1505 10
163 1467 293 1531 pauper.
325 1445 429 1532 Igitur
443 1446 632 1514 tibidivitiae
648 1447 727 1513 vitia
743 1451 775 1512 et
789 1447 868 1513 mibi
885 1446 928 1511 sit
942 1446 1075 1511 facultas
1090 1449 1222 1532 egestas.
1255 1443 1315 1511 Sed

163 1555 196 1617 et
219 1551 384 1637 gloriaris,
407 1552 462 1616 ubi
485 1573 567 1636 saepe
590 1551 802 1632 oonfunderis,
826 1557 859 1618 et
879 1551 1034 1636 superbis,
1058 1551 1173 1636 quibus
1197 1552 1313 1616 multo·

163 1657 247 1722 tiens
270 1656 457 1722 humiliaris.
504 1655 616 1722 Plures
645 1657 731 1722 enim
761 1679 825 1722 snae
855 1657 960 1724 earnis
989 1656 1111 1722 divitiis
1141 1657 1314 1741 perierunt,

164 1784 239 1828 nam
259 1763 326 1828 ovis
342 1783 415 1828 esra
437 1765 568 1847 propter
590 1761 708 1828 vellera
730 1763 881 1828 tondetur
903 1765 935 1828 et
957 1784 1038 1847 pavo
1053 1761 1164 1848 gloriae
1180 1762 1220 1827 ob
1235 1781 1314 1844 pen·

163 1891 240 1934 nam
263 1890 388 1934 auream
412 1867 611 1933 decaudatur.
643 1867 770 1934 Gaudeo
786 1872 870 1935 oerte
892 1871 925 1934 et
941 1868 1054 1954 dignas
1070 1870 1191 1933 naturae
1206 1868 1312 1952 grates

125 1991 151 2030 1⁶
165 1995 236 2059 ago,
261 1973 343 2057 quod
366 1973 499 2057 quiesoo,
523 1974 607 2056 quod
630 1975 788 2040 excoriare
810 1974 960 2057 meoupit
983 1993 1085 2052 nemo,
1109 1994 1217 2038 secura
1239 1971 1311 2036 dor·

163 2077 240 2157 mio,
263 2099 327 2144 non
350 2078 509 2143 molestor.
558 2076 760 2163 sicquidem
784 2078 958 2167 pellipariis
984 2077 1152 2156 sumvilis,
1177 2077 1311 2162 eoquod
1351 2127 1353 2132 ,

164 2204 236 2248 sum
259 2183 339 2248 mihi
361 2183 533 2264 carissima,
560 2187 592 2249 et
614 2183 706 2268 pellis
729 2187 899 2268 paupertas
922 2188 970 2248 est
993 2183 1073 2248 mihi
1095 2182 1259 2266 opulentia
1280 2187 1313 2248 et
1376 2213 1378 2218 ·

164 2287 271 2353 vilitas
294 2288 370 2354 vita.
416 2287 535 2354 Verum
557 2293 594 2353 tn
617 2309 742 2354 earnem
766 2288 1008 2354 substantialem
1030 2308 1087 2372 pro
1110 2288 1193 2372 pelle
1215 2291 1247 2352 et
1270 2286 1311 2351 ob

165 2391 295 2458 divitem
327 2392 444 2477 pellem
475 2391 720 2458 substantialem
749 2392 899 2477 spiritum
931 2391 1051 2476 perdes.
1097 2389 1188 2455 Vade
1210 2391 1312 2477 igitur

124 2517 150 2555 2⁰
164 2500 198 2562 et
219 2497 403 2563 divitiarum
425 2497 586 2564 fallacium
610 2518 693 2583 pone
714 2497 914 2583 superbiam,
946 2497 1096 2581 quoniam
1129 2495 1241 2560 melior
1265 2498 1312 2559 est

165 2624 281 2668 seourae
312 2603 508 2688 paupertatis
539 2603 631 2689 pellis
660 2604 829 2684 vilissima,
861 2625 956 2688 quam
985 2602 1119 2667 letifera
1149 2599 1311 2667 facultatis

165 2729 260 2774 aurea
275 2729 389 2793 penna.
435 2707 582 2794 Namque
603 2709 742 2794 pretiosa
763 2710 846 2795 pelle
869 2708 1002 2801 bavarus
1018 2707 1171 2794 quaeritur
1194 2710 1227 2771 et
1241 2704 1312 2771 vul·

165 2816 219 2877 tur
241 2812 369 2879 volatile
390 2814 523 2898 pluma¹
546 2814 627 2880 cutis
649 2815 747 2880 divite
768 2814 954 2881 denudatur.
1002 2813 1124 2893 Quibus
1150 2811 1314 2878 confutata

164 2917 331 3002 vulpecula
351 2920 490 2986 recessit.

124 3147 150 3188 ²⁵
217 3143 379 3213 Contra
400 3169 506 3216 vane
535 3148 748 3233 gloriosos
772 3151 812 3214 et
833 3147 1028 3215 volentes
1051 3168 1262 3234 apparere.

394 3338 450 3405 De
472 3361 630 3425 pavone
653 3345 691 3406 et
712 3341 920 3422 erinaoio,
943 3363 1011 3428 oap.
1037 3342 1088 3406 21.

253 3495 347 3577 Pavo,
373 3497 511 3563 erinaoio
526 3501 726 3582 praesentato,
750 3503 916 3566 uteorum
940 3523 976 3566 eo
1002 3500 1163 3585 propriam
1178 3496 1314 3585 gloriam

165 3601 334 3680 dilataret,
365 3603 533 3687 ipsumque
562 3605 600 3670 de
623 3605 752 3689 spinosa
782 3608 854 3670 oute
887 3605 1112 3684 confunderet,
1144 3603 1316 3670 sublimata

164 3728 240 3771 mox
254 3706 352 3772 cauda
375 3714 406 3773 et
421 3709 512 3793 quasi
528 3731 687 3795 purpurea
709 3710 861 3775 varietate
882 3710 1033 3790 mirabili,
1057 3709 1179 3774 stellari
1202 3708 1314 3793 speeie,

107 3831 151 3886 ‚ao
164 3811 267 3877 aureis
280 3812 393 3896 pennis
416 3814 526 3878 ordine
548 3815 685 3892 situatis,
709 3815 806 3880 effuse
829 3815 966 3882 volitans
981 3817 1057 3881 hino
1079 3815 1152 3880 inde
1175 3815 1314 3880 donabat

165 3938 199 3981 se
230 3916 405 3982 luminibus
437 3919 601 3986 intuentis.
663 3919 781 3986 Verum
819 3921 874 3988 ille
912 3922 1000 3988 mirae
1038 3919 1232 4004 prudentiae,
1271 3918 1316 3984 sio

163 4043 279 4086 vanam
302 4021 440 4107 effugere
456 4024 592 4109 gloriam
609 4027 886 4110 comprehendens,
901 4049 975 4092 mox
991 4027 1091 4111 ipsam
1107 4028 1144 4090 ut
1160 4024 1312 4108 perderet,

164 4126 224 4192 sub
246 4126 344 4212 globo
367 4127 498 4195 collecto
530 4131 733 4214 eorpusenlo,
766 4131 894 4196 oondita
924 4131 1004 4197 faeie
1033 4131 1142 4215 spinas
1175 4129 1316 4214 undique

731 4251 748 4290 *

236 4351 249 4406 l
269 4350 355 4424 Ausg.
374 4352 465 4410 lesen:
484 4353 609 4425 plumba.
