3160 4960
736 369 774 429 21

180 491 344 626 Siquidem
366 539 523 606 alienatus
545 562 564 604 a
585 539 703 606 virtute
725 561 799 604 mox
821 560 932 604 sensus
954 539 1037 605 sieut
1052 539 1154 605 Ohaiu
1177 541 1332 627 profugus

179 667 341 732 vagosque
364 645 555 711 diffunditur
580 654 612 713 et
634 646 732 710 veluti
755 644 857 710 David
881 646 991 710 statim
1015 644 1152 729 procella
1174 645 1332 710 vitiosita-

178 752 222 816 tis
259 751 432 816 involvitur
465 751 590 815 animus
623 751 753 816 otiosus.
808 751 964 837 Ligatura
996 753 1080 817 enim
1116 750 1332 816 membrorum

178 860 310 941 propter
333 856 492 921 assiduum
516 861 636 922 motum
660 859 785 941 privata
809 860 856 922 est
879 878 973 921 seusu
996 861 1029 922 et
1044 857 1078 920 in
1093 853 1253 940 Albagia¹
1277 877 1331 921 re-

158 961 284 1027 slocius
316 962 502 1044 repentinus
535 963 659 1047 ingruit
692 966 806 1028 motus.
864 962 915 1027 Ad
948 961 1016 1028 haeo
1045 964 1138 1047 lupus
1169 961 1332 1046 adjunxit:

178 1087 257 1131 num
279 1067 356 1150 quid
378 1087 454 1152 ergo
478 1069 617 1152 quiescet
639 1070 787 1153 sapiens?
819 1069 869 1134 Ad
893 1069 976 1153 quod
998 1069 1074 1134 bos:
1109 1087 1174 1130 non
1197 1067 1332 1150 quiescit

178 1173 314 1256 sapiens,
338 1172 441 1237 solum
458 1173 522 1238 imo
544 1173 685 1258 possidet
708 1152 779 1239 euni
801 1197 911 1240 secura
927 1175 1024 1259 quies.
1071 1171 1145 1238 Non
1163 1172 1331 1238 attendisti

178 1277 263 1360 quod
297 1277 336 1340 ed
370 1279 598 1362 quietationem
633 1281 784 1364 majorem
817 1279 967 1366 principii
1002 1299 1151 1344 sensuum
1188 1276 1332 1360 superior

178 1382 363 1446 mandibula
393 1404 459 1446 nou
491 1387 658 1449 movetur?
691 1385 918 1451 Verumtamen
953 1404 1117 1468 nunquam
1140 1385 1188 1447 est
1210 1381 1331 1446 otiosus

139 1508 165 1545 ιο
179 1488 316 1572 sapiens,
344 1489 496 1554 continuo
520 1490 646 1574 quidem
676 1495 731 1556 aut
753 1495 859 1555 mente
890 1489 1083 1572 exercitatur
1112 1490 1167 1551 aut
1190 1506 1329 1570 corpore.

179 1589 261 1666 Quid
284 1597 333 1656 est
355 1593 440 1657 enim
463 1595 564 1659 otium
596 1580 659 1661 nisi
687 1596 823 1680 perditio
846 1594 1061 1661 irrevocabilis
1084 1593 1188 1671 horse,
1219 1589 1331 1658 effusio

179 1697 262 1776 vitae,
286 1700 518 1784 retrogradatio
532 1699 784 1786 perficientiael²
807 1700 860 1766 sie
882 1701 991 1786 gignit
1013 1697 1117 1764 carnis
1140 1692 1330 1774 desideria,³

79 1793 88 1806 ⁸
179 1801 265 1886 parit
288 1803 480 1886 superbiam,
503 1807 646 1872 accendit
667 1807 835 1884 luxuriam,
859 1805 954 1870 solvit
976 1804 1131 1888 linguam,
1154 1800 1259 1866 nutrit
1280 1801 1331 1863 in-

179 1905 373 1991 digentiam,
406 1910 580 1976 introducit
604 1911 759 1997 rapinam.
805 1909 988 1996 Egestatem
1019 1927 1156 1991 namque
1178 1907 1328 1989 operatur

142 2011 313 2076 irremissa
328 2035 440 2078 manus
454 2017 553 2100 etqui
568 2019 706 2081 sectatur
721 2017 832 2094 otium,
857 2019 905 2079 est
920 2013 1135 2079 stultissimus.
1176 2012 1331 2075 Attamen

184 2117 252 2180 otio
267 2116 408 2182 sabbatis
423 2123 496 2184 ante
519 2119 657 2186 Ysrahel
679 2121 793 2186 ooelum
810 2142 872 2184 non
889 2119 1018 2184 influxit
1032 2139 1164 2194 mauna3
1181 2114 1332 2201 quoniam

178 2226 211 2285 et
233 2243 315 2304 aqua
336 2223 490 2306 putrescit
512 2224 685 2290 immobilis
715 2229 748 2289 et
778 2225 928 2289 immotus
959 2223 1043 2288 ensis
1075 2220 1223 2306 rubigine
1253 2239 1327 2284 mox

178 2326 346 2406 sordescit,
378 2349 433 2411 pes
457 2329 582 2411 quietus
606 2329 799 2414 obstupescit
829 2332 862 2393 et
884 2331 1003 2392 vestem
1036 2327 1210 2411 depositam
1243 2323 1329 2388 dirus

178 2432 273 2496 tinem
296 2432 372 2496 dens
395 2434 541 2498 corrodit.
588 2434 647 2500 Sed
674 2438 825 2500 econtra
846 2434 938 2519 polus
961 2431 1112 2496 continuo
1137 2428 1247 2506 currit,
1275 2449 1329 2492 eor

139 2556 165 2594 ιο
180 2537 254 2601 dum
277 2537 358 2602 vivit
377 2559 441 2602 non
466 2519 609 2624 quiescit,
632 2539 788 2604 naturalis
811 2539 913 2603 virtus
936 2558 1001 2601 non
1024 2533 1142 2600 dormit
1164 2537 1196 2598 et
1212 2532 1331 2597 rectiva

177 2642 288 2706 mundi
311 2643 479 2727 prudentia
500 2665 623 2730 semper
646 2646 724 2730 agit.
770 2644 905 2728 Propter
921 2642 990 2720 hoc,
1021 2640 1197 2718 carissime,
1228 2637 1329 2702 otium

177 2746 284 2811 vitans
305 2751 361 2812 ant
383 2770 438 2812 aro
469 2752 525 2813 aut
546 2749 672 2815 comedo
704 2754 760 2814 aut
782 2749 908 2813 rumino
943 2750 998 2812 aut
1030 2745 1141 2833 ligatis
1174 2741 1331 2809 nubecula

177 2851 322 2916 sensibus
355 2853 501 2939 digerens
535 2856 705 2940 requiesco.
764 2855 885 2932 Quibus
922 2853 1039 2920 auditis
1076 2852 1171 2936 lupus
1207 2849 1329 2915 otiosus

177 2979 338 3044 vagusque
360 2958 450 3024 abiit.

137 3184 163 3222 2⁵
347 3164 502 3231 Doctus
524 3165 696 3250 loquere
717 3169 759 3231 et
781 3188 927 3233 avarus
949 3167 1009 3232 sis
1032 3166 1163 3232 verbi.

465 3339 519 3406 De
542 3361 669 3406 corvo
692 3343 732 3405 et
755 3362 859 3405 rana
881 3363 948 3425 cap.
976 3344 1024 3405 15.

264 3476 341 3544 Post
363 3479 500 3544 multum
522 3478 664 3544 laborem
686 3483 719 3543 et
741 3479 884 3544 studium
907 3480 959 3542 vir
984 3478 1112 3543 tandem
1130 3498 1241 3542 corvus
1257 3498 1329 3541 cnm

177 3580 283 3664 eloqui
303 3581 480 3664 didicisset,
509 3583 642 3668 desuper
664 3583 795 3648 audiens
818 3605 929 3648 ranam
951 3584 1073 3649 fantem
1103 3581 1266 3647 descendit
1296 3585 1328 3646 et

177 3687 276 3753 dixit:
306 3689 377 3771 quis
400 3689 506 3773 loqui,
529 3709 635 3767 soror,
658 3693 690 3753 te
713 3689 843 3753 docuit?
875 3689 920 3753 At
943 3687 1000 3753 illa
1021 3688 1201 3771 respondit:
1235 3707 1328 3751 nemo

137 3813 162 3850 oo
178 3796 263 3858 certe
285 3793 338 3858 sed
361 3793 523 3859 subtracta
546 3795 644 3859 cauda
668 3796 826 3879 loquelam
847 3795 927 3859 mihi
943 3794 1029 3859 dedit
1044 3793 1187 3859 liberalis
1204 3795 1328 3857 natura.

175 3899 267 3964 Tunc
290 3920 419 3965 corvus:
445 3898 569 3965 felicem
593 3900 711 3986 quippe
728 3900 1015 3965 'commutationem
1038 3921 1109 3964 reor
1129 3920 1188 3984 pro
1211 3896 1329 3962 bestia-

175 4003 278 4069 litatis
301 4003 400 4070 cauda
422 4005 556 4070 rationis
579 4005 723 4091 linguam
746 4003 874 4070 dedisse.
921 4003 980 4071 Oui
1003 4026 1082 4070 rana
1103 4025 1177 4069 mox
1199 4001 1328 4086 inquit:

175 4111 236 4176 tibi
260 4131 332 4174 vero
355 4111 438 4176 unde
461 4111 521 4176 hoc
542 4111 688 4197 contigit,
712 4111 832 4176 frater?
864 4109 905 4176 Et
928 4111 997 4176 ille:
1026 4111 1132 4196 longis
1162 4107 1326 4175 laboribus

174 4221 206 4282 et
233 4215 347 4280 studiis
378 4214 537 4300 loquelam
569 4215 671 4300 ipsam
694 4217 756 4280 emi
780 4218 811 4281 et
835 4216 939 4281 didici.
982 4214 1165 4320 ¹Statimque
1190 4213 1231 4280 ob
1257 4235 1327 4277 mu·

742 4337 760 4374 *

249 4439 261 4494 l
282 4439 406 4496 Andere:
425 4439 546 4497 flumine.
601 4442 617 4496 2
635 4440 762 4498 Andere:
781 4439 945 4512 proficienti.
1004 4443 1020 4498 3
1039 4440 1162 4497 tudere:
1182 4437 1326 4496 desidiam.
