<?xml version="1.0" encoding="UTF-8"?>
<!DOCTYPE html PUBLIC "-//W3C//DTD XHTML 1.0 Transitional//EN"
    "http://www.w3.org/TR/xhtml1/DTD/xhtml1-transitional.dtd">
<html xmlns="http://www.w3.org/1999/xhtml" xml:lang="en" lang="en">
 <head>
  <title>
</title>
<meta http-equiv="Content-Type" content="text/html;charset=utf-8" />
  <meta name='ocr-system' content='tesseract 3.04.00' />
  <meta name='ocr-capabilities' content='ocr_page ocr_carea ocr_par ocr_line ocrx_word'/>
</head>
<body>
  <div class='ocr_page' id='page_1' title='image "./zweiredenankais02sleigoog/zweiredenankais02sleigoog_0847.png"; bbox 0 0 3146 4962; ppageno 0'>
   <div class='ocr_carea' id='block_1_1' title="bbox 807 252 871 316">
    <p class='ocr_par' dir='ltr' id='par_1_1' title="bbox 807 252 871 316">
     <span class='ocr_line' id='line_1_1' title="bbox 807 252 871 316; baseline 0 0"><span class='ocrx_word' id='word_1_1' title='bbox 807 252 871 316; x_wconf 74' lang='lat'>246</span> 
     </span>
    </p>
   </div>
   <div class='ocr_carea' id='block_1_2' title="bbox 163 423 1416 1979">
    <p class='ocr_par' dir='ltr' id='par_1_2' title="bbox 163 423 1416 1979">
     <span class='ocr_line' id='line_1_2' title="bbox 271 423 1413 510; baseline -0.004 -20"><span class='ocrx_word' id='word_1_2' title='bbox 271 427 351 491; x_wconf 91' lang='lat' dir='ltr'>rius:</span> <span class='ocrx_word' id='word_1_3' title='bbox 376 423 467 508; x_wconf 90' lang='lat' dir='ltr'>cupio</span> <span class='ocrx_word' id='word_1_4' title='bbox 489 445 578 489; x_wconf 85' lang='lat' dir='ltr'>arare</span> <span class='ocrx_word' id='word_1_5' title='bbox 600 429 727 510; x_wconf 91' lang='lat' dir='ltr'>pratum</span> <span class='ocrx_word' id='word_1_6' title='bbox 748 424 818 501; x_wconf 91' lang='lat' dir='ltr'>boe,</span> <span class='ocrx_word' id='word_1_7' title='bbox 842 429 877 488; x_wconf 90' lang='lat' dir='ltr'>ut</span> <span class='ocrx_word' id='word_1_8' title='bbox 900 423 977 488; x_wconf 89' lang='lat' dir='ltr'>mihi</span> <span class='ocrx_word' id='word_1_9' title='bbox 999 427 1032 488; x_wconf 87' lang='lat' dir='ltr'>et</span> <span class='ocrx_word' id='word_1_10' title='bbox 1054 425 1143 490; x_wconf 88' lang='lat' dir='ltr'>vobis</span> <span class='ocrx_word' id='word_1_11' title='bbox 1159 424 1265 490; x_wconf 88' lang='lat' dir='ltr'>eibum</span> <span class='ocrx_word' id='word_1_12' title='bbox 1279 423 1413 488; x_wconf 84' lang='lat' dir='ltr'>tribnat</span> 
     </span>
     <span class='ocr_line' id='line_1_3' title="bbox 270 527 1415 614; baseline -0.003 -19"><span class='ocrx_word' id='word_1_13' title='bbox 270 529 312 595; x_wconf 81' lang='lat' dir='ltr'>Et</span> <span class='ocrx_word' id='word_1_14' title='bbox 334 531 444 596; x_wconf 86' lang='lat' dir='ltr'>boves:</span> <span class='ocrx_word' id='word_1_15' title='bbox 468 534 594 614; x_wconf 89' lang='lat' dir='ltr'>pratum</span> <span class='ocrx_word' id='word_1_16' title='bbox 617 531 676 596; x_wconf 89' lang='lat' dir='ltr'>hoc</span> <span class='ocrx_word' id='word_1_17' title='bbox 698 530 844 594; x_wconf 88' lang='lat' dir='ltr'>nolumus</span> <span class='ocrx_word' id='word_1_18' title='bbox 867 549 966 606; x_wconf 83' lang='lat' dir='ltr'>arare,</span> <span class='ocrx_word' id='word_1_19' title='bbox 994 527 1143 611; x_wconf 89' lang='lat' dir='ltr'>quoniam</span> <span class='ocrx_word' id='word_1_20' title='bbox 1168 529 1274 594; x_wconf 89' lang='lat' dir='ltr'>cibum</span> <span class='ocrx_word' id='word_1_21' title='bbox 1297 527 1415 592; x_wconf 86' lang='lat' dir='ltr'>delica-</span> 
     </span>
     <span class='ocr_line' id='line_1_4' title="bbox 270 634 1412 717; baseline -0.002 -17"><span class='ocrx_word' id='word_1_22' title='bbox 270 640 339 700; x_wconf 91' lang='lat' dir='ltr'>tum</span> <span class='ocrx_word' id='word_1_23' title='bbox 362 635 453 700; x_wconf 91' lang='lat' dir='ltr'>uobis</span> <span class='ocrx_word' id='word_1_24' title='bbox 474 635 600 712; x_wconf 90' lang='lat' dir='ltr'>tribuit,</span> <span class='ocrx_word' id='word_1_25' title='bbox 626 639 658 699; x_wconf 91' lang='lat' dir='ltr'>et</span> <span class='ocrx_word' id='word_1_26' title='bbox 679 636 759 714; x_wconf 87' lang='lat' dir='ltr'>ideo,</span> <span class='ocrx_word' id='word_1_27' title='bbox 782 635 817 699; x_wconf 91' lang='lat' dir='ltr'>in</span> <span class='ocrx_word' id='word_1_28' title='bbox 840 637 992 717; x_wconf 88' lang='lat' dir='ltr'>quantum</span> <span class='ocrx_word' id='word_1_29' title='bbox 1015 655 1197 717; x_wconf 86' lang='lat' dir='ltr'>possumus,</span> <span class='ocrx_word' id='word_1_30' title='bbox 1221 634 1412 699; x_wconf 86' lang='lat' dir='ltr'>resistemus.</span> 
     </span>
     <span class='ocr_line' id='line_1_5' title="bbox 163 738 1415 825; baseline -0.002 -21"><span class='ocrx_word' id='word_1_31' title='bbox 163 799 171 814; x_wconf 82' lang='grc'><em>,</em></span> <span class='ocrx_word' id='word_1_32' title='bbox 270 738 330 804; x_wconf 81' lang='lat' dir='ltr'>Sed</span> <span class='ocrx_word' id='word_1_33' title='bbox 352 739 426 822; x_wconf 90' lang='lat' dir='ltr'>quia</span> <span class='ocrx_word' id='word_1_34' title='bbox 447 740 573 805; x_wconf 88' lang='lat' dir='ltr'>stabant</span> <span class='ocrx_word' id='word_1_35' title='bbox 595 740 654 804; x_wconf 90' lang='lat' dir='ltr'>sub</span> <span class='ocrx_word' id='word_1_36' title='bbox 674 741 751 825; x_wconf 80' lang='lat' dir='ltr'>jugo</span> <span class='ocrx_word' id='word_1_37' title='bbox 773 739 876 804; x_wconf 90' lang='lat' dir='ltr'>binati</span> <span class='ocrx_word' id='word_1_38' title='bbox 905 744 938 804; x_wconf 88' lang='lat' dir='ltr'>et</span> <span class='ocrx_word' id='word_1_39' title='bbox 968 738 1125 804; x_wconf 84' lang='lat' dir='ltr'>bubulcus</span> <span class='ocrx_word' id='word_1_40' title='bbox 1155 759 1207 803; x_wconf 91' lang='lat' dir='ltr'>eos</span> <span class='ocrx_word' id='word_1_41' title='bbox 1231 738 1415 805; x_wconf 84' lang='lat' dir='ltr'>verberibus</span> 
     </span>
     <span class='ocr_line' id='line_1_6' title="bbox 245 842 1414 928; baseline 0 -20"><span class='ocrx_word' id='word_1_42' title='bbox 245 844 441 923; x_wconf 67' lang='lat' dir='ltr'>esculeabat,</span> <span class='ocrx_word' id='word_1_43' title='bbox 465 866 529 910; x_wconf 89' lang='lat' dir='ltr'>non</span> <span class='ocrx_word' id='word_1_44' title='bbox 547 845 686 909; x_wconf 87' lang='lat' dir='ltr'>valentes</span> <span class='ocrx_word' id='word_1_45' title='bbox 702 844 838 928; x_wconf 84' lang='lat' dir='ltr'>effugere</span> <span class='ocrx_word' id='word_1_46' title='bbox 852 843 1031 908; x_wconf 76' lang='lat' dir='ltr'><strong>obedientes</strong></span> <span class='ocrx_word' id='word_1_47' title='bbox 1052 842 1129 908; x_wconf 86' lang='lat' dir='ltr'>faeti</span> <span class='ocrx_word' id='word_1_48' title='bbox 1145 849 1229 921; x_wconf 91' lang='lat' dir='ltr'>sunt,</span> <span class='ocrx_word' id='word_1_49' title='bbox 1254 845 1414 910; x_wconf 86' lang='lat' dir='ltr'>dicentes:</span> 
     </span>
     <span class='ocr_line' id='line_1_7' title="bbox 270 948 1416 1034; baseline -0.001 -20"><span class='ocrx_word' id='word_1_50' title='bbox 270 949 382 1014; x_wconf 87' lang='lat' dir='ltr'>melius</span> <span class='ocrx_word' id='word_1_51' title='bbox 405 953 452 1014; x_wconf 87' lang='lat' dir='ltr'>est</span> <span class='ocrx_word' id='word_1_52' title='bbox 473 972 530 1034; x_wconf 90' lang='lat' dir='ltr'>per</span> <span class='ocrx_word' id='word_1_53' title='bbox 552 971 690 1014; x_wconf 89' lang='lat' dir='ltr'>amorem</span> <span class='ocrx_word' id='word_1_54' title='bbox 712 948 823 1026; x_wconf 85' lang='lat' dir='ltr'>faeere,</span> <span class='ocrx_word' id='word_1_55' title='bbox 848 970 942 1032; x_wconf 91' lang='lat' dir='ltr'>qnam</span> <span class='ocrx_word' id='word_1_56' title='bbox 965 949 1188 1032; x_wconf 79' lang='lat' dir='ltr'>pertimerem.</span> <span class='ocrx_word' id='word_1_57' title='bbox 1233 949 1284 1014; x_wconf 79' lang='lat' dir='ltr'>sie</span> <span class='ocrx_word' id='word_1_58' title='bbox 1299 953 1330 1014; x_wconf 89' lang='lat' dir='ltr'>et</span> <span class='ocrx_word' id='word_1_59' title='bbox 1345 970 1416 1028; x_wconf 91' lang='lat' dir='ltr'>nos,</span> 
     </span>
     <span class='ocr_line' id='line_1_8' title="bbox 271 1054 1414 1134; baseline 0.001 -17"><span class='ocrx_word' id='word_1_60' title='bbox 271 1075 340 1118; x_wconf 91' lang='lat' dir='ltr'>cum</span> <span class='ocrx_word' id='word_1_61' title='bbox 364 1054 479 1119; x_wconf 86' lang='lat' dir='ltr'>servire</span> <span class='ocrx_word' id='word_1_62' title='bbox 501 1054 666 1133; x_wconf 81' lang='lat' dir='ltr'>debemus,</span> <span class='ocrx_word' id='word_1_63' title='bbox 690 1055 861 1120; x_wconf 81' lang='lat' dir='ltr'>serviamus</span> <span class='ocrx_word' id='word_1_64' title='bbox 884 1055 1048 1120; x_wconf 85' lang='lat' dir='ltr'>caritative</span> <span class='ocrx_word' id='word_1_65' title='bbox 1070 1075 1106 1120; x_wconf 88' lang='lat' dir='ltr'>ao</span> <span class='ocrx_word' id='word_1_66' title='bbox 1127 1055 1325 1134; x_wconf 71' lang='lat' dir='ltr'>voluntarie,</span> <span class='ocrx_word' id='word_1_67' title='bbox 1348 1076 1414 1119; x_wconf 88' lang='lat' dir='ltr'>non</span> 
     </span>
     <span class='ocr_line' id='line_1_9' title="bbox 271 1147 1415 1245; baseline -0.001 -21"><span class='ocrx_word' id='word_1_68' title='bbox 271 1162 392 1237; x_wconf 88' lang='lat' dir='ltr'>coacte,</span> <span class='ocrx_word' id='word_1_69' title='bbox 422 1159 496 1242; x_wconf 92' lang='lat' dir='ltr'>quia</span> <span class='ocrx_word' id='word_1_70' title='bbox 527 1147 634 1226; x_wconf 84' lang='lat' dir='ltr'>eoaota</span> <span class='ocrx_word' id='word_1_71' title='bbox 663 1160 793 1226; x_wconf 85' lang='lat' dir='ltr'>servitia</span> <span class='ocrx_word' id='word_1_72' title='bbox 814 1160 881 1225; x_wconf 89' lang='lat' dir='ltr'>Deo</span> <span class='ocrx_word' id='word_1_73' title='bbox 903 1181 968 1225; x_wconf 91' lang='lat' dir='ltr'>non</span> <span class='ocrx_word' id='word_1_74' title='bbox 989 1160 1125 1244; x_wconf 85' lang='lat' dir='ltr'>placent.</span> <span class='ocrx_word' id='word_1_75' title='bbox 1170 1160 1262 1226; x_wconf 88' lang='lat' dir='ltr'>Unde</span> <span class='ocrx_word' id='word_1_76' title='bbox 1285 1161 1415 1245; x_wconf 80' lang='lat' dir='ltr'>Augus-</span> 
     </span>
     <span class='ocr_line' id='line_1_10' title="bbox 271 1264 1414 1343; baseline 0.002 -15"><span class='ocrx_word' id='word_1_77' title='bbox 271 1264 376 1329; x_wconf 88' lang='lat' dir='ltr'>tinus:</span> <span class='ocrx_word' id='word_1_78' title='bbox 405 1285 498 1329; x_wconf 91' lang='lat' dir='ltr'>nemo</span> <span class='ocrx_word' id='word_1_79' title='bbox 528 1265 610 1330; x_wconf 90' lang='lat' dir='ltr'>enim</span> <span class='ocrx_word' id='word_1_80' title='bbox 644 1264 762 1330; x_wconf 85' lang='lat' dir='ltr'>invitus</span> <span class='ocrx_word' id='word_1_81' title='bbox 793 1264 989 1343; x_wconf 83' lang='lat' dir='ltr'>benefacit,</span> <span class='ocrx_word' id='word_1_82' title='bbox 1022 1266 1116 1330; x_wconf 85' lang='lat' dir='ltr'>etiarn</span> <span class='ocrx_word' id='word_1_83' title='bbox 1148 1265 1177 1329; x_wconf 90' lang='lat' dir='ltr'>si</span> <span class='ocrx_word' id='word_1_84' title='bbox 1207 1265 1326 1330; x_wconf 89' lang='lat' dir='ltr'>bonnm</span> <span class='ocrx_word' id='word_1_85' title='bbox 1354 1270 1414 1343; x_wconf 86' lang='lat' dir='ltr'>est,</span> 
     </span>
     <span class='ocr_line' id='line_1_11' title="bbox 234 1368 1412 1454; baseline 0 -20"><span class='ocrx_word' id='word_1_86' title='bbox 234 1388 259 1424; x_wconf 88' lang='lat'>1⁰</span> <span class='ocrx_word' id='word_1_87' title='bbox 273 1370 356 1454; x_wconf 90' lang='lat' dir='ltr'>quod</span> <span class='ocrx_word' id='word_1_88' title='bbox 378 1370 462 1435; x_wconf 84' lang='lat' dir='ltr'>facit.</span> <span class='ocrx_word' id='word_1_89' title='bbox 509 1368 754 1436; x_wconf 81' lang='lat' dir='ltr'>Chrisostomus:</span> <span class='ocrx_word' id='word_1_90' title='bbox 785 1371 931 1436; x_wconf 88' lang='lat' dir='ltr'>voluntas</span> <span class='ocrx_word' id='word_1_91' title='bbox 954 1369 1031 1436; x_wconf 86' lang='lat' dir='ltr'>facit</span> <span class='ocrx_word' id='word_1_92' title='bbox 1060 1391 1138 1453; x_wconf 89' lang='lat' dir='ltr'>opus</span> <span class='ocrx_word' id='word_1_93' title='bbox 1172 1371 1412 1448; x_wconf 85' lang='lat' dir='ltr'>remunerabile,</span> 
     </span>
     <span class='ocr_line' id='line_1_12' title="bbox 272 1475 1415 1560; baseline -0.002 -20"><span class='ocrx_word' id='word_1_94' title='bbox 272 1496 337 1540; x_wconf 90' lang='lat' dir='ltr'>uon</span> <span class='ocrx_word' id='word_1_95' title='bbox 367 1494 445 1558; x_wconf 91' lang='lat' dir='ltr'>opus</span> <span class='ocrx_word' id='word_1_96' title='bbox 497 1475 539 1540; x_wconf 80' lang='lat' dir='ltr'>Ut</span> <span class='ocrx_word' id='word_1_97' title='bbox 567 1475 723 1542; x_wconf 87' lang='lat' dir='ltr'>Isidorus:</span> <span class='ocrx_word' id='word_1_98' title='bbox 755 1477 818 1542; x_wconf 91' lang='lat' dir='ltr'>tale</span> <span class='ocrx_word' id='word_1_99' title='bbox 846 1477 908 1542; x_wconf 92' lang='lat' dir='ltr'>erit</span> <span class='ocrx_word' id='word_1_100' title='bbox 934 1497 1012 1560; x_wconf 92' lang='lat' dir='ltr'>opus</span> <span class='ocrx_word' id='word_1_101' title='bbox 1042 1479 1150 1552; x_wconf 81' lang='lat' dir='ltr'>tunm,</span> <span class='ocrx_word' id='word_1_102' title='bbox 1186 1476 1289 1559; x_wconf 89' lang='lat' dir='ltr'>qualis</span> <span class='ocrx_word' id='word_1_103' title='bbox 1317 1475 1415 1540; x_wconf 80' lang='lat' dir='ltr'>tuerit</span> 
     </span>
     <span class='ocr_line' id='line_1_13' title="bbox 273 1578 1413 1666; baseline 0.001 -23"><span class='ocrx_word' id='word_1_104' title='bbox 273 1578 410 1644; x_wconf 89' lang='lat' dir='ltr'>intentio</span> <span class='ocrx_word' id='word_1_105' title='bbox 433 1583 496 1646; x_wconf 87' lang='lat' dir='ltr'>tua.</span> <span class='ocrx_word' id='word_1_106' title='bbox 542 1580 634 1646; x_wconf 87' lang='lat' dir='ltr'>Unde</span> <span class='ocrx_word' id='word_1_107' title='bbox 664 1581 703 1645; x_wconf 88' lang='lat' dir='ltr'>de</span> <span class='ocrx_word' id='word_1_108' title='bbox 725 1581 859 1664; x_wconf 90' lang='lat' dir='ltr'>quodam</span> <span class='ocrx_word' id='word_1_109' title='bbox 881 1579 1054 1665; x_wconf 87' lang='lat' dir='ltr'>joculatore</span> <span class='ocrx_word' id='word_1_110' title='bbox 1076 1579 1191 1644; x_wconf 89' lang='lat' dir='ltr'>dicitur</span> <span class='ocrx_word' id='word_1_111' title='bbox 1213 1581 1262 1646; x_wconf 87' lang='lat' dir='ltr'>vel</span> <span class='ocrx_word' id='word_1_112' title='bbox 1285 1581 1413 1666; x_wconf 80' lang='lat' dir='ltr'>legitur,</span> 
     </span>
     <span class='ocr_line' id='line_1_14' title="bbox 274 1683 1414 1770; baseline 0.001 -22"><span class='ocrx_word' id='word_1_113' title='bbox 274 1683 328 1766; x_wconf 92' lang='lat' dir='ltr'>qui</span> <span class='ocrx_word' id='word_1_114' title='bbox 350 1683 468 1748; x_wconf 86' lang='lat' dir='ltr'>sciebat</span> <span class='ocrx_word' id='word_1_115' title='bbox 491 1686 642 1764; x_wconf 88' lang='lat' dir='ltr'>tombare,</span> <span class='ocrx_word' id='word_1_116' title='bbox 666 1687 721 1770; x_wconf 92' lang='lat' dir='ltr'>qui</span> <span class='ocrx_word' id='word_1_117' title='bbox 743 1691 853 1770; x_wconf 87' lang='lat' dir='ltr'>postea</span> <span class='ocrx_word' id='word_1_118' title='bbox 875 1687 960 1750; x_wconf 88' lang='lat' dir='ltr'>visus</span> <span class='ocrx_word' id='word_1_119' title='bbox 982 1689 1030 1750; x_wconf 89' lang='lat' dir='ltr'>est</span> <span class='ocrx_word' id='word_1_120' title='bbox 1052 1683 1195 1750; x_wconf 90' lang='lat' dir='ltr'>tombare</span> <span class='ocrx_word' id='word_1_121' title='bbox 1216 1685 1251 1748; x_wconf 93' lang='lat' dir='ltr'>in</span> <span class='ocrx_word' id='word_1_122' title='bbox 1263 1685 1343 1750; x_wconf 86' lang='lat' dir='ltr'>cella</span> <span class='ocrx_word' id='word_1_123' title='bbox 1357 1707 1414 1749; x_wconf 87' lang='lat' dir='ltr'>sua</span> 
     </span>
     <span class='ocr_line' id='line_1_15' title="bbox 274 1787 1414 1875; baseline 0.001 -22"><span class='ocrx_word' id='word_1_124' title='bbox 274 1787 314 1853; x_wconf 88' lang='lat' dir='ltr'>ad</span> <span class='ocrx_word' id='word_1_125' title='bbox 335 1787 486 1855; x_wconf 88' lang='lat' dir='ltr'>honorem</span> <span class='ocrx_word' id='word_1_126' title='bbox 509 1789 568 1855; x_wconf 89' lang='lat' dir='ltr'>Dei</span> <span class='ocrx_word' id='word_1_127' title='bbox 601 1795 633 1856; x_wconf 88' lang='lat' dir='ltr'>et</span> <span class='ocrx_word' id='word_1_128' title='bbox 662 1791 722 1854; x_wconf 84' lang='lat' dir='ltr'>risi</span> <span class='ocrx_word' id='word_1_129' title='bbox 752 1795 828 1854; x_wconf 89' lang='lat' dir='ltr'>sunt</span> <span class='ocrx_word' id='word_1_130' title='bbox 857 1790 940 1856; x_wconf 87' lang='lat' dir='ltr'>eirca</span> <span class='ocrx_word' id='word_1_131' title='bbox 963 1811 1032 1854; x_wconf 88' lang='lat' dir='ltr'>eam</span> <span class='ocrx_word' id='word_1_132' title='bbox 1054 1792 1190 1872; x_wconf 88' lang='lat' dir='ltr'>quatuor</span> <span class='ocrx_word' id='word_1_133' title='bbox 1213 1788 1320 1875; x_wconf 83' lang='lat' dir='ltr'>angeli</span> <span class='ocrx_word' id='word_1_134' title='bbox 1343 1811 1414 1854; x_wconf 89' lang='lat' dir='ltr'>oum</span> 
     </span>
     <span class='ocr_line' id='line_1_16' title="bbox 236 1893 793 1979; baseline 0.002 -22"><span class='ocrx_word' id='word_1_135' title='bbox 236 1908 261 1947; x_wconf 78' lang='lat'>1⁵</span> <span class='ocrx_word' id='word_1_136' title='bbox 275 1893 409 1979; x_wconf 76' lang='lat' dir='ltr'>singulis</span> <span class='ocrx_word' id='word_1_137' title='bbox 432 1895 528 1960; x_wconf 90' lang='lat' dir='ltr'>cereis</span> <span class='ocrx_word' id='word_1_138' title='bbox 551 1897 734 1961; x_wconf 85' lang='lat' dir='ltr'>assistentes</span> <span class='ocrx_word' id='word_1_139' title='bbox 755 1894 793 1959; x_wconf 89' lang='lat' dir='ltr'>ei.</span> 
     </span>
    </p>
   </div>
   <div class='ocr_carea' id='block_1_3' title="bbox 385 2067 1297 2154">
    <p class='ocr_par' dir='ltr' id='par_1_3' title="bbox 385 2067 1297 2154">
     <span class='ocr_line' id='line_1_17' title="bbox 385 2067 1297 2154; baseline -0.002 -23"><span class='ocrx_word' id='word_1_140' title='bbox 385 2067 441 2133; x_wconf 92' lang='lat' dir='ltr'>De</span> <span class='ocrx_word' id='word_1_141' title='bbox 463 2069 604 2148; x_wconf 89' lang='lat' dir='ltr'>simia,</span> <span class='ocrx_word' id='word_1_142' title='bbox 628 2091 713 2154; x_wconf 79' lang='lat' dir='ltr'>que</span> <span class='ocrx_word' id='word_1_143' title='bbox 734 2068 953 2134; x_wconf 87' lang='lat' dir='ltr'>scribebat</span> <span class='ocrx_word' id='word_1_144' title='bbox 975 2068 1125 2146; x_wconf 88' lang='lat' dir='ltr'>libros,</span> <span class='ocrx_word' id='word_1_145' title='bbox 1149 2067 1222 2132; x_wconf 91' lang='lat' dir='ltr'>dial.</span> <span class='ocrx_word' id='word_1_146' title='bbox 1247 2070 1297 2130; x_wconf 81' lang='lat'>97.</span> 
     </span>
    </p>
   </div>
   <div class='ocr_carea' id='block_1_4' title="bbox 236 2206 1417 2820">
    <p class='ocr_par' dir='ltr' id='par_1_4' title="bbox 274 2206 1416 2504">
     <span class='ocr_line' id='line_1_18' title="bbox 360 2206 1415 2294; baseline -0.004 -20"><span class='ocrx_word' id='word_1_147' title='bbox 360 2206 458 2274; x_wconf 81' lang='lat' dir='ltr'>Simia</span> <span class='ocrx_word' id='word_1_148' title='bbox 479 2209 690 2294; x_wconf 76' lang='lat' dir='ltr'>pulcherrime</span> <span class='ocrx_word' id='word_1_149' title='bbox 711 2209 809 2275; x_wconf 88' lang='lat' dir='ltr'>libros</span> <span class='ocrx_word' id='word_1_150' title='bbox 831 2208 1003 2286; x_wconf 73' lang='lat' dir='ltr'>scribebat,</span> <span class='ocrx_word' id='word_1_151' title='bbox 1034 2208 1087 2273; x_wconf 91' lang='lat' dir='ltr'>sed</span> <span class='ocrx_word' id='word_1_152' title='bbox 1122 2211 1229 2272; x_wconf 80' lang='lat' dir='ltr'>barren</span> <span class='ocrx_word' id='word_1_153' title='bbox 1252 2228 1415 2290; x_wconf 89' lang='lat' dir='ltr'>uunquam</span> 
     </span>
     <span class='ocr_line' id='line_1_19' title="bbox 274 2311 1415 2398; baseline -0.003 -20"><span class='ocrx_word' id='word_1_154' title='bbox 274 2333 328 2378; x_wconf 88' lang='lat' dir='ltr'>eor</span> <span class='ocrx_word' id='word_1_155' title='bbox 350 2312 445 2377; x_wconf 90' lang='lat' dir='ltr'>dabat</span> <span class='ocrx_word' id='word_1_156' title='bbox 467 2315 506 2378; x_wconf 93' lang='lat' dir='ltr'>ad</span> <span class='ocrx_word' id='word_1_157' title='bbox 529 2315 580 2393; x_wconf 89' lang='lat' dir='ltr'>id,</span> <span class='ocrx_word' id='word_1_158' title='bbox 603 2315 686 2398; x_wconf 90' lang='lat' dir='ltr'>qnod</span> <span class='ocrx_word' id='word_1_159' title='bbox 709 2314 883 2392; x_wconf 87' lang='lat' dir='ltr'>scribebat,</span> <span class='ocrx_word' id='word_1_160' title='bbox 909 2314 974 2378; x_wconf 94' lang='lat' dir='ltr'>imo</span> <span class='ocrx_word' id='word_1_161' title='bbox 995 2313 1097 2398; x_wconf 84' lang='lat' dir='ltr'>magis</span> <span class='ocrx_word' id='word_1_162' title='bbox 1120 2335 1191 2378; x_wconf 90' lang='lat' dir='ltr'>oum</span> <span class='ocrx_word' id='word_1_163' title='bbox 1210 2311 1283 2377; x_wconf 90' lang='lat' dir='ltr'>aliis</span> <span class='ocrx_word' id='word_1_164' title='bbox 1305 2312 1415 2396; x_wconf 91' lang='lat' dir='ltr'>loque-</span> 
     </span>
     <span class='ocr_line' id='line_1_20' title="bbox 275 2415 1416 2504; baseline -0.003 -22"><span class='ocrx_word' id='word_1_165' title='bbox 275 2418 368 2483; x_wconf 91' lang='lat' dir='ltr'>batur</span> <span class='ocrx_word' id='word_1_166' title='bbox 390 2418 439 2483; x_wconf 87' lang='lat' dir='ltr'>vel</span> <span class='ocrx_word' id='word_1_167' title='bbox 461 2421 671 2498; x_wconf 84' lang='lat' dir='ltr'>auscultabat,</span> <span class='ocrx_word' id='word_1_168' title='bbox 694 2441 764 2504; x_wconf 82' lang='lat' dir='ltr'>quae</span> <span class='ocrx_word' id='word_1_169' title='bbox 787 2420 827 2484; x_wconf 91' lang='lat' dir='ltr'>ab</span> <span class='ocrx_word' id='word_1_170' title='bbox 849 2418 921 2483; x_wconf 89' lang='lat' dir='ltr'>aliis</span> <span class='ocrx_word' id='word_1_171' title='bbox 943 2419 1137 2483; x_wconf 72' lang='lat' dir='ltr'>dicebantur.</span> <span class='ocrx_word' id='word_1_172' title='bbox 1185 2416 1254 2492; x_wconf 79' lang='lat' dir='ltr'>Qua</span> <span class='ocrx_word' id='word_1_173' title='bbox 1269 2415 1307 2480; x_wconf 89' lang='lat' dir='ltr'>de</span> <span class='ocrx_word' id='word_1_174' title='bbox 1322 2437 1416 2480; x_wconf 89' lang='lat' dir='ltr'>causa</span> 
     </span>
    </p>

    <p class='ocr_par' dir='ltr' id='par_1_5' title="bbox 236 2519 1417 2820">
     <span class='ocr_line' id='line_1_21' title="bbox 236 2519 1416 2626; baseline -0.003 -39"><span class='ocrx_word' id='word_1_175' title='bbox 236 2549 261 2587; x_wconf 83' lang='lat' dir='ltr'>ao</span> <span class='ocrx_word' id='word_1_176' title='bbox 275 2523 445 2607; x_wconf 73' lang='lat' dir='ltr'>sepissime</span> <span class='ocrx_word' id='word_1_177' title='bbox 474 2524 572 2588; x_wconf 89' lang='lat' dir='ltr'>libros</span> <span class='ocrx_word' id='word_1_178' title='bbox 602 2524 790 2626; x_wconf 58' lang='lat' dir='ltr'>falsificabpt</span> <span class='ocrx_word' id='word_1_179' title='bbox 812 2523 951 2588; x_wconf 87' lang='lat' dir='ltr'>scribens</span> <span class='ocrx_word' id='word_1_180' title='bbox 973 2523 1006 2586; x_wconf 93' lang='lat' dir='ltr'>in</span> <span class='ocrx_word' id='word_1_181' title='bbox 1029 2523 1085 2600; x_wconf 90' lang='lat' dir='ltr'>iis,</span> <span class='ocrx_word' id='word_1_182' title='bbox 1116 2519 1200 2604; x_wconf 92' lang='lat' dir='ltr'>quod</span> <span class='ocrx_word' id='word_1_183' title='bbox 1228 2520 1416 2603; x_wconf 87' lang='lat' dir='ltr'>loquebatur</span> 
     </span>
     <span class='ocr_line' id='line_1_22' title="bbox 275 2625 1416 2711; baseline -0.004 -20"><span class='ocrx_word' id='word_1_184' title='bbox 275 2628 324 2691; x_wconf 87' lang='lat' dir='ltr'>vel</span> <span class='ocrx_word' id='word_1_185' title='bbox 347 2629 428 2711; x_wconf 92' lang='lat' dir='ltr'>quod</span> <span class='ocrx_word' id='word_1_186' title='bbox 451 2629 598 2694; x_wconf 87' lang='lat' dir='ltr'>audiebat</span> <span class='ocrx_word' id='word_1_187' title='bbox 621 2630 661 2698; x_wconf 86' lang='lat' dir='ltr'>ab</span> <span class='ocrx_word' id='word_1_188' title='bbox 683 2629 754 2694; x_wconf 84' lang='lat' dir='ltr'>aliis</span> <span class='ocrx_word' id='word_1_189' title='bbox 777 2629 873 2711; x_wconf 90' lang='lat' dir='ltr'>loqui.</span> <span class='ocrx_word' id='word_1_190' title='bbox 917 2626 1038 2692; x_wconf 88' lang='lat' dir='ltr'>Nolens</span> <span class='ocrx_word' id='word_1_191' title='bbox 1065 2630 1171 2691; x_wconf 90' lang='lat' dir='ltr'>autem</span> <span class='ocrx_word' id='word_1_192' title='bbox 1192 2645 1225 2690; x_wconf 86' lang='lat' dir='ltr'>se</span> <span class='ocrx_word' id='word_1_193' title='bbox 1248 2625 1416 2710; x_wconf 86' lang='lat' dir='ltr'>corrigere,</span> 
     </span>
     <span class='ocr_line' id='line_1_23' title="bbox 275 2729 1417 2820; baseline 0 -25"><span class='ocrx_word' id='word_1_194' title='bbox 275 2731 381 2796; x_wconf 89' lang='lat' dir='ltr'>nullus</span> <span class='ocrx_word' id='word_1_195' title='bbox 403 2733 431 2797; x_wconf 89' lang='lat' dir='ltr'>ei</span> <span class='ocrx_word' id='word_1_196' title='bbox 454 2733 575 2799; x_wconf 87' lang='lat' dir='ltr'>lucrum</span> <span class='ocrx_word' id='word_1_197' title='bbox 598 2734 797 2820; x_wconf 82' lang='lat' dir='ltr'>porrigebat,</span> <span class='ocrx_word' id='word_1_198' title='bbox 830 2735 955 2816; x_wconf 82' lang='lat' dir='ltr'>quaein</span> <span class='ocrx_word' id='word_1_199' title='bbox 979 2735 1164 2816; x_wconf 89' lang='lat' dir='ltr'>paupertate</span> <span class='ocrx_word' id='word_1_200' title='bbox 1187 2729 1296 2796; x_wconf 88' lang='lat' dir='ltr'>collisa</span> <span class='ocrx_word' id='word_1_201' title='bbox 1317 2729 1417 2795; x_wconf 83' lang='lat' dir='ltr'>dixit:</span> 
     </span>
    </p>
   </div>
   <div class='ocr_carea' id='block_1_5' title="bbox 275 2833 1543 2922">
    <p class='ocr_par' dir='ltr' id='par_1_6' title="bbox 275 2833 1543 2922">
     <span class='ocr_line' id='line_1_24' title="bbox 275 2833 1543 2922; baseline 0 -23"><span class='ocrx_word' id='word_1_202' title='bbox 275 2836 357 2900; x_wconf 88' lang='lat' dir='ltr'>nihil</span> <span class='ocrx_word' id='word_1_203' title='bbox 378 2839 513 2921; x_wconf 81' lang='lat' dir='ltr'>scriptor</span> <span class='ocrx_word' id='word_1_204' title='bbox 544 2843 708 2922; x_wconf 83' lang='lat' dir='ltr'>operatur,</span> <span class='ocrx_word' id='word_1_205' title='bbox 742 2838 834 2904; x_wconf 91' lang='lat' dir='ltr'>corde</span> <span class='ocrx_word' id='word_1_206' title='bbox 861 2839 888 2902; x_wconf 89' lang='lat' dir='ltr'>si</span> <span class='ocrx_word' id='word_1_207' title='bbox 917 2859 981 2902; x_wconf 90' lang='lat' dir='ltr'>non</span> <span class='ocrx_word' id='word_1_208' title='bbox 1014 2837 1196 2902; x_wconf 86' lang='lat' dir='ltr'>meditatur.</span> <span class='ocrx_word' id='word_1_209' title='bbox 1251 2833 1303 2900; x_wconf 84' lang='lat' dir='ltr'>Sic</span> <span class='ocrx_word' id='word_1_210' title='bbox 1331 2835 1417 2900; x_wconf 90' lang='lat' dir='ltr'>enim</span> <span class='ocrx_word' id='word_1_211' title='bbox 1538 2835 1543 2848; x_wconf 95' lang='lat'>&#39;</span> 
     </span>
    </p>
   </div>
   <div class='ocr_carea' id='block_1_6' title="bbox 237 2940 1418 4390">
    <p class='ocr_par' dir='ltr' id='par_1_7' title="bbox 237 2940 1418 4390">
     <span class='ocr_line' id='line_1_25' title="bbox 275 2940 1418 3026; baseline -0.001 -21"><span class='ocrx_word' id='word_1_212' title='bbox 275 2962 346 3006; x_wconf 86' lang='lat' dir='ltr'>eum</span> <span class='ocrx_word' id='word_1_213' title='bbox 368 2941 501 3026; x_wconf 85' lang='lat' dir='ltr'>psallere</span> <span class='ocrx_word' id='word_1_214' title='bbox 523 2947 555 3008; x_wconf 91' lang='lat' dir='ltr'>et</span> <span class='ocrx_word' id='word_1_215' title='bbox 576 2965 666 3010; x_wconf 90' lang='lat' dir='ltr'>orare</span> <span class='ocrx_word' id='word_1_216' title='bbox 688 2945 841 3020; x_wconf 86' lang='lat' dir='ltr'>volumus,</span> <span class='ocrx_word' id='word_1_217' title='bbox 866 2943 1013 3009; x_wconf 91' lang='lat' dir='ltr'>debemus</span> <span class='ocrx_word' id='word_1_218' title='bbox 1035 2942 1128 3008; x_wconf 79' lang='lat' dir='ltr'>eorde</span> <span class='ocrx_word' id='word_1_219' title='bbox 1149 2940 1315 3017; x_wconf 89' lang='lat' dir='ltr'>meditari,</span> <span class='ocrx_word' id='word_1_220' title='bbox 1343 2941 1418 3024; x_wconf 91' lang='lat' dir='ltr'>quia</span> 
     </span>
     <span class='ocr_line' id='line_1_26' title="bbox 237 3042 1418 3114; baseline 0.003 -6"><span class='ocrx_word' id='word_1_221' title='bbox 237 3045 357 3110; x_wconf 74' lang='lat' dir='ltr'>anihil</span> <span class='ocrx_word' id='word_1_222' title='bbox 386 3050 433 3110; x_wconf 90' lang='lat' dir='ltr'>est</span> <span class='ocrx_word' id='word_1_223' title='bbox 463 3047 530 3111; x_wconf 89' lang='lat' dir='ltr'>sola</span> <span class='ocrx_word' id='word_1_224' title='bbox 558 3070 632 3114; x_wconf 84' lang='lat' dir='ltr'>voce</span> <span class='ocrx_word' id='word_1_225' title='bbox 654 3053 782 3114; x_wconf 87' lang='lat' dir='ltr'>eantare</span> <span class='ocrx_word' id='word_1_226' title='bbox 804 3048 872 3112; x_wconf 88' lang='lat' dir='ltr'>sine</span> <span class='ocrx_word' id='word_1_227' title='bbox 895 3048 997 3114; x_wconf 85' lang='lat' dir='ltr'>cordis</span> <span class='ocrx_word' id='word_1_228' title='bbox 1018 3047 1207 3112; x_wconf 86' lang='lat' dir='ltr'>intentione.</span> <span class='ocrx_word' id='word_1_229' title='bbox 1253 3042 1314 3109; x_wconf 84' lang='lat' dir='ltr'>Sed</span> <span class='ocrx_word' id='word_1_230' title='bbox 1335 3047 1418 3112; x_wconf 90' lang='lat' dir='ltr'>sicut</span> 
     </span>
     <span class='ocr_line' id='line_1_27' title="bbox 276 3150 1416 3236; baseline 0.002 -22"><span class='ocrx_word' id='word_1_231' title='bbox 276 3151 322 3214; x_wconf 90' lang='lat' dir='ltr'>ait</span> <span class='ocrx_word' id='word_1_232' title='bbox 343 3150 503 3234; x_wconf 89' lang='lat' dir='ltr'>apostolus</span> <span class='ocrx_word' id='word_1_233' title='bbox 526 3153 565 3217; x_wconf 88' lang='lat' dir='ltr'>ad</span> <span class='ocrx_word' id='word_1_234' title='bbox 587 3151 701 3236; x_wconf 83' lang='lat' dir='ltr'>Ephes.</span> <span class='ocrx_word' id='word_1_235' title='bbox 726 3152 789 3217; x_wconf 91' lang='lat' dir='ltr'>V⁰:</span> <span class='ocrx_word' id='word_1_236' title='bbox 820 3157 946 3218; x_wconf 87' lang='lat' dir='ltr'>cantate</span> <span class='ocrx_word' id='word_1_237' title='bbox 977 3153 1012 3216; x_wconf 91' lang='lat' dir='ltr'>in</span> <span class='ocrx_word' id='word_1_238' title='bbox 1042 3150 1189 3217; x_wconf 87' lang='lat' dir='ltr'>cordibus</span> <span class='ocrx_word' id='word_1_239' title='bbox 1220 3151 1334 3214; x_wconf 87' lang='lat' dir='ltr'>vestris</span> <span class='ocrx_word' id='word_1_240' title='bbox 1361 3151 1416 3216; x_wconf 91' lang='lat' dir='ltr'>do·</span> 
     </span>
     <span class='ocr_line' id='line_1_28' title="bbox 276 3255 1418 3339; baseline 0.002 -19"><span class='ocrx_word' id='word_1_241' title='bbox 276 3256 372 3320; x_wconf 90' lang='lat' dir='ltr'>mino.</span> <span class='ocrx_word' id='word_1_242' title='bbox 417 3255 519 3322; x_wconf 90' lang='lat' dir='ltr'>Idem:</span> <span class='ocrx_word' id='word_1_243' title='bbox 541 3279 605 3322; x_wconf 90' lang='lat' dir='ltr'>non</span> <span class='ocrx_word' id='word_1_244' title='bbox 628 3259 730 3323; x_wconf 85' lang='lat' dir='ltr'>solum</span> <span class='ocrx_word' id='word_1_245' title='bbox 752 3278 826 3322; x_wconf 83' lang='lat' dir='ltr'>voce</span> <span class='ocrx_word' id='word_1_246' title='bbox 847 3258 902 3323; x_wconf 87' lang='lat' dir='ltr'>sed</span> <span class='ocrx_word' id='word_1_247' title='bbox 924 3259 1023 3324; x_wconf 86' lang='lat' dir='ltr'>eorde.</span> <span class='ocrx_word' id='word_1_248' title='bbox 1067 3257 1114 3323; x_wconf 89' lang='lat' dir='ltr'>Ut</span> <span class='ocrx_word' id='word_1_249' title='bbox 1135 3255 1293 3339; x_wconf 87' lang='lat' dir='ltr'>possimus</span> <span class='ocrx_word' id='word_1_250' title='bbox 1315 3256 1418 3324; x_wconf 82' lang='lat' dir='ltr'>dicere</span> 
     </span>
     <span class='ocr_line' id='line_1_29' title="bbox 276 3360 1418 3447; baseline 0.001 -22"><span class='ocrx_word' id='word_1_251' title='bbox 276 3382 347 3425; x_wconf 89' lang='lat' dir='ltr'>enm</span> <span class='ocrx_word' id='word_1_252' title='bbox 356 3361 463 3426; x_wconf 91' lang='lat' dir='ltr'>eodem</span> <span class='ocrx_word' id='word_1_253' title='bbox 475 3361 491 3425; x_wconf 95' lang='lat' dir='ltr'>I</span> <span class='ocrx_word' id='word_1_254' title='bbox 502 3361 570 3430; x_wconf 79' lang='lat' dir='ltr'>Gor.</span> <span class='ocrx_word' id='word_1_255' title='bbox 581 3360 692 3427; x_wconf 82' lang='lat' dir='ltr'>le0:</span> <span class='ocrx_word' id='word_1_256' title='bbox 707 3362 840 3446; x_wconf 90' lang='lat' dir='ltr'>psallam</span> <span class='ocrx_word' id='word_1_257' title='bbox 849 3363 973 3447; x_wconf 89' lang='lat' dir='ltr'>spiritu,</span> <span class='ocrx_word' id='word_1_258' title='bbox 989 3361 1123 3446; x_wconf 87' lang='lat' dir='ltr'>psallam</span> <span class='ocrx_word' id='word_1_259' title='bbox 1137 3364 1169 3425; x_wconf 93' lang='lat' dir='ltr'>et</span> <span class='ocrx_word' id='word_1_260' title='bbox 1179 3363 1293 3425; x_wconf 86' lang='lat' dir='ltr'>mente.</span> <span class='ocrx_word' id='word_1_261' title='bbox 1327 3361 1418 3426; x_wconf 89' lang='lat' dir='ltr'>Unde</span> 
     </span>
     <span class='ocr_line' id='line_1_30' title="bbox 276 3465 1417 3553; baseline 0.001 -22"><span class='ocrx_word' id='word_1_262' title='bbox 276 3465 407 3532; x_wconf 81' lang='lat' dir='ltr'>Seneca:</span> <span class='ocrx_word' id='word_1_263' title='bbox 438 3471 514 3533; x_wconf 90' lang='lat' dir='ltr'>noto</span> <span class='ocrx_word' id='word_1_264' title='bbox 544 3468 723 3553; x_wconf 89' lang='lat' dir='ltr'>ubieunque</span> <span class='ocrx_word' id='word_1_265' title='bbox 745 3489 824 3533; x_wconf 89' lang='lat' dir='ltr'>sum.</span> <span class='ocrx_word' id='word_1_266' title='bbox 868 3467 921 3534; x_wconf 90' lang='lat' dir='ltr'>Ita</span> <span class='ocrx_word' id='word_1_267' title='bbox 951 3466 1110 3532; x_wconf 84' lang='lat' dir='ltr'>faciebant</span> <span class='ocrx_word' id='word_1_268' title='bbox 1132 3465 1332 3550; x_wconf 89' lang='lat' dir='ltr'>philosophi,</span> <span class='ocrx_word' id='word_1_269' title='bbox 1363 3468 1417 3551; x_wconf 91' lang='lat' dir='ltr'>qui</span> 
     </span>
     <span class='ocr_line' id='line_1_31' title="bbox 238 3571 1416 3658; baseline 0.003 -25"><span class='ocrx_word' id='word_1_270' title='bbox 238 3594 263 3632; x_wconf 82' lang='lat' dir='ltr'>so</span> <span class='ocrx_word' id='word_1_271' title='bbox 276 3572 393 3636; x_wconf 90' lang='lat' dir='ltr'>intenti</span> <span class='ocrx_word' id='word_1_272' title='bbox 423 3577 514 3638; x_wconf 88' lang='lat' dir='ltr'>erant</span> <span class='ocrx_word' id='word_1_273' title='bbox 543 3573 583 3638; x_wconf 93' lang='lat' dir='ltr'>ad</span> <span class='ocrx_word' id='word_1_274' title='bbox 611 3574 867 3658; x_wconf 82' lang='lat' dir='ltr'>investigandum</span> <span class='ocrx_word' id='word_1_275' title='bbox 898 3578 930 3638; x_wconf 91' lang='lat' dir='ltr'>et</span> <span class='ocrx_word' id='word_1_276' title='bbox 951 3571 1176 3637; x_wconf 79' lang='lat' dir='ltr'>inveniendum</span> <span class='ocrx_word' id='word_1_277' title='bbox 1205 3572 1416 3654; x_wconf 86' lang='lat' dir='ltr'>prudentiam.</span> 
     </span>
     <span class='ocr_line' id='line_1_32' title="bbox 277 3675 1417 3760; baseline 0.001 -20"><span class='ocrx_word' id='word_1_278' title='bbox 277 3675 368 3741; x_wconf 89' lang='lat' dir='ltr'>Unde</span> <span class='ocrx_word' id='word_1_279' title='bbox 398 3677 537 3744; x_wconf 87' lang='lat' dir='ltr'>studium</span> <span class='ocrx_word' id='word_1_280' title='bbox 559 3678 687 3746; x_wconf 90' lang='lat' dir='ltr'>illorum</span> <span class='ocrx_word' id='word_1_281' title='bbox 721 3681 759 3743; x_wconf 84' lang='lat' dir='ltr'>ad</span> <span class='ocrx_word' id='word_1_282' title='bbox 783 3679 871 3742; x_wconf 90' lang='lat' dir='ltr'>illam</span> <span class='ocrx_word' id='word_1_283' title='bbox 901 3677 1079 3743; x_wconf 89' lang='lat' dir='ltr'>habendam</span> <span class='ocrx_word' id='word_1_284' title='bbox 1100 3697 1336 3760; x_wconf 83' lang='lat' dir='ltr'>supervacuum</span> <span class='ocrx_word' id='word_1_285' title='bbox 1370 3680 1417 3742; x_wconf 88' lang='lat' dir='ltr'>est</span> 
     </span>
     <span class='ocr_line' id='line_1_33' title="bbox 277 3781 1415 3867; baseline 0.004 -23"><span class='ocrx_word' id='word_1_286' title='bbox 277 3781 428 3860; x_wconf 88' lang='lat' dir='ltr'>scribere,</span> <span class='ocrx_word' id='word_1_287' title='bbox 455 3804 525 3848; x_wconf 83' lang='lat' dir='ltr'>oum</span> <span class='ocrx_word' id='word_1_288' title='bbox 549 3806 656 3850; x_wconf 88' lang='lat' dir='ltr'>eorum</span> <span class='ocrx_word' id='word_1_289' title='bbox 679 3784 783 3849; x_wconf 87' lang='lat' dir='ltr'>studia</span> <span class='ocrx_word' id='word_1_290' title='bbox 804 3788 938 3866; x_wconf 89' lang='lat' dir='ltr'>pateant</span> <span class='ocrx_word' id='word_1_291' title='bbox 958 3805 1015 3867; x_wconf 93' lang='lat' dir='ltr'>per</span> <span class='ocrx_word' id='word_1_292' title='bbox 1037 3782 1201 3865; x_wconf 85' lang='lat' dir='ltr'>sapientiae</span> <span class='ocrx_word' id='word_1_293' title='bbox 1222 3782 1415 3849; x_wconf 87' lang='lat' dir='ltr'>documenta.</span> 
     </span>
     <span class='ocr_line' id='line_1_34' title="bbox 277 3885 1417 3971; baseline 0.002 -21"><span class='ocrx_word' id='word_1_294' title='bbox 277 3885 325 3950; x_wconf 90' lang='lat' dir='ltr'>De</span> <span class='ocrx_word' id='word_1_295' title='bbox 348 3908 480 3970; x_wconf 89' lang='lat' dir='ltr'>quorum</span> <span class='ocrx_word' id='word_1_296' title='bbox 509 3890 613 3955; x_wconf 89' lang='lat' dir='ltr'>studio</span> <span class='ocrx_word' id='word_1_297' title='bbox 643 3893 753 3956; x_wconf 89' lang='lat' dir='ltr'>narrat</span> <span class='ocrx_word' id='word_1_298' title='bbox 785 3889 929 3953; x_wconf 90' lang='lat' dir='ltr'>Valerius</span> <span class='ocrx_word' id='word_1_299' title='bbox 958 3889 979 3951; x_wconf 91' lang='lat' dir='ltr'>l.</span> <span class='ocrx_word' id='word_1_300' title='bbox 1010 3885 1125 3964; x_wconf 70' lang='lat' dir='ltr'>VHU,</span> <span class='ocrx_word' id='word_1_301' title='bbox 1156 3886 1209 3951; x_wconf 90' lang='lat' dir='ltr'>ubi</span> <span class='ocrx_word' id='word_1_302' title='bbox 1240 3886 1304 3965; x_wconf 89' lang='lat' dir='ltr'>ait,</span> <span class='ocrx_word' id='word_1_303' title='bbox 1335 3886 1417 3971; x_wconf 89' lang='lat' dir='ltr'>quod</span> 
     </span>
     <span class='ocr_line' id='line_1_35' title="bbox 278 3988 1415 4076; baseline 0.001 -21"><span class='ocrx_word' id='word_1_304' title='bbox 278 3989 460 4070; x_wconf 82' lang='lat' dir='ltr'>Carneades,</span> <span class='ocrx_word' id='word_1_305' title='bbox 491 3993 664 4058; x_wconf 87' lang='lat' dir='ltr'>laboriosus</span> <span class='ocrx_word' id='word_1_306' title='bbox 697 3997 730 4058; x_wconf 90' lang='lat' dir='ltr'>et</span> <span class='ocrx_word' id='word_1_307' title='bbox 752 3993 920 4058; x_wconf 91' lang='lat' dir='ltr'>diuturnus</span> <span class='ocrx_word' id='word_1_308' title='bbox 942 3991 1108 4076; x_wconf 74' lang='lat' dir='ltr'>sapientiae</span> <span class='ocrx_word' id='word_1_309' title='bbox 1130 3988 1231 4066; x_wconf 88' lang='lat' dir='ltr'>miles,</span> <span class='ocrx_word' id='word_1_310' title='bbox 1261 3991 1415 4074; x_wconf 88' lang='lat' dir='ltr'>siquidem</span> 
     </span>
     <span class='ocr_line' id='line_1_36' title="bbox 239 4095 1417 4182; baseline 0 -22"><span class='ocrx_word' id='word_1_311' title='bbox 239 4117 265 4155; x_wconf 78' lang='lat'>³⁶</span> <span class='ocrx_word' id='word_1_312' title='bbox 278 4099 454 4182; x_wconf 77' lang='lat' dir='ltr'>nonaginta</span> <span class='ocrx_word' id='word_1_313' title='bbox 476 4097 607 4182; x_wconf 84' lang='lat' dir='ltr'>expletis</span> <span class='ocrx_word' id='word_1_314' title='bbox 630 4099 722 4164; x_wconf 86' lang='lat' dir='ltr'>annis</span> <span class='ocrx_word' id='word_1_315' title='bbox 744 4099 791 4163; x_wconf 88' lang='lat' dir='ltr'>ita</span> <span class='ocrx_word' id='word_1_316' title='bbox 812 4120 846 4163; x_wconf 90' lang='lat' dir='ltr'>se</span> <span class='ocrx_word' id='word_1_317' title='bbox 867 4096 1035 4162; x_wconf 90' lang='lat' dir='ltr'>mirificum</span> <span class='ocrx_word' id='word_1_318' title='bbox 1059 4095 1209 4161; x_wconf 77' lang='lat' dir='ltr'>doctrine</span> <span class='ocrx_word' id='word_1_319' title='bbox 1223 4096 1417 4178; x_wconf 89' lang='lat' dir='ltr'>temporibus</span> 
     </span>
     <span class='ocr_line' id='line_1_37' title="bbox 278 4198 1417 4286; baseline 0 -22"><span class='ocrx_word' id='word_1_320' title='bbox 278 4201 449 4280; x_wconf 83' lang='lat' dir='ltr'>addixerat,</span> <span class='ocrx_word' id='word_1_321' title='bbox 472 4207 518 4279; x_wconf 92' lang='lat' dir='ltr'>ut,</span> <span class='ocrx_word' id='word_1_322' title='bbox 542 4224 611 4268; x_wconf 89' lang='lat' dir='ltr'>oum</span> <span class='ocrx_word' id='word_1_323' title='bbox 636 4202 697 4267; x_wconf 89' lang='lat' dir='ltr'>cibi</span> <span class='ocrx_word' id='word_1_324' title='bbox 710 4201 853 4286; x_wconf 89' lang='lat' dir='ltr'>capiendi</span> <span class='ocrx_word' id='word_1_325' title='bbox 876 4223 969 4268; x_wconf 88' lang='lat' dir='ltr'>causa</span> <span class='ocrx_word' id='word_1_326' title='bbox 991 4199 1192 4278; x_wconf 85' lang='lat' dir='ltr'>recubuisset,</span> <span class='ocrx_word' id='word_1_327' title='bbox 1215 4198 1417 4284; x_wconf 82' lang='lat' dir='ltr'>cogitationi-</span> 
     </span>
     <span class='ocr_line' id='line_1_38' title="bbox 278 4303 1414 4390; baseline 0.003 -23"><span class='ocrx_word' id='word_1_328' title='bbox 278 4303 336 4370; x_wconf 88' lang='lat' dir='ltr'>bus</span> <span class='ocrx_word' id='word_1_329' title='bbox 374 4305 531 4372; x_wconf 88' lang='lat' dir='ltr'>inhaarens</span> <span class='ocrx_word' id='word_1_330' title='bbox 566 4329 696 4372; x_wconf 86' lang='lat' dir='ltr'>manum</span> <span class='ocrx_word' id='word_1_331' title='bbox 732 4307 771 4373; x_wconf 88' lang='lat' dir='ltr'>ad</span> <span class='ocrx_word' id='word_1_332' title='bbox 801 4328 942 4371; x_wconf 87' lang='lat' dir='ltr'>mensam</span> <span class='ocrx_word' id='word_1_333' title='bbox 978 4304 1140 4390; x_wconf 85' lang='lat' dir='ltr'>porrigere</span> <span class='ocrx_word' id='word_1_334' title='bbox 1171 4303 1414 4377; x_wconf 82' lang='lat' dir='ltr'>oblivisceretur.</span> 
     </span>
    </p>
   </div>
   <div class='ocr_carea' id='block_1_7' title="bbox 0 0 1583 4962">
    <p class='ocr_par' dir='ltr' id='par_1_8' title="bbox 0 0 1583 4962">
     <span class='ocr_line' id='line_1_39' title="bbox 0 0 1583 4962; baseline 0 0"><span class='ocrx_word' id='word_1_335' title='bbox 0 0 1583 4962; x_wconf 95' lang='lat' dir='ltr'> </span> 
     </span>
    </p>
   </div>
  </div>
 </body>
</html>
