3172 4962
701 369 762 457 rm

162 539 244 604 mari
267 539 360 619 dieta,
383 561 420 605 eo
443 540 526 624 quod
549 540 652 624 magis
674 540 804 604 littorea
827 539 921 605 arbor
943 541 996 606 sit.
1042 539 1127 606 Hinc
1138 543 1197 616 est,
1227 539 1309 624 quod

163 667 183 707 a
204 643 333 709 medicis
356 644 477 710 mirene
498 645 617 709 dicitur
638 645 671 709 in
697 645 889 709 medicorum
913 645 1012 712 libris.
1059 645 1151 710 Hauc
1165 644 1310 709 arborem

163 752 270 832 aptam
301 749 447 814 scribunt
475 751 661 815 mulieribus
692 751 728 814 in
752 752 993 816 necessitatibus
1016 752 1173 834 plurimis.
1219 749 1311 814 Unde

163 853 305 937 quaedam
328 855 442 919 mulier
464 855 591 920 infirma
614 857 757 934 exstitit,
788 877 859 940 quae
881 857 914 920 in
939 856 1067 920 medicis
1092 859 1123 920 et
1144 854 1312 919 medicinis

136 980 219 1027 saue
248 966 362 1024 cuncta
392 960 475 1024 bona
505 962 702 1044 consumpsit
733 982 792 1026 nec
821 961 959 1044 reperire
992 962 1165 1026 remedium
1198 960 1308 1024 valuit.

166 1063 286 1129 Ultimo
310 1086 382 1128 vero
405 1064 444 1128 ad
472 1089 558 1131 mare
585 1068 727 1151 perrexit
758 1073 790 1130 et
823 1067 855 1131 iu
880 1066 990 1131 littore
1022 1069 1139 1149 reperit
1168 1066 1310 1143 mittum,

162 1168 212 1232 cui
234 1169 418 1253 supplicans
442 1171 543 1234 dixit:
567 1194 585 1234 o
609 1171 703 1235 arbor
725 1171 846 1248 inclita,
872 1173 1018 1236 miserere
1041 1171 1102 1234 mei
1125 1177 1157 1234 et
1178 1173 1312 1236 concede

162 1273 240 1338 mihi
264 1273 385 1338 infelici
408 1277 620 1341 ramusculum
645 1299 683 1341 ex
706 1280 754 1354 te,
787 1281 824 1340 ut
846 1299 950 1341 curem
976 1277 1108 1340 vulnera
1130 1297 1208 1339 mea.
1254 1275 1310 1340 eui

161 1378 291 1443 mirtus:
325 1379 352 1442 si
375 1380 412 1442 de
435 1401 505 1445 meo
527 1381 587 1444 tibi
611 1382 744 1458 dedero,
778 1382 871 1465 quale
903 1381 1040 1466 pretium
1070 1386 1143 1444 ate
1166 1380 1311 1446 habebo?

124 1513 149 1551 ιο
163 1481 215 1548 Ad
247 1503 342 1567 quarn
375 1483 505 1550 mulier:
540 1507 651 1550 aurum
687 1489 720 1550 et
750 1491 919 1570 argentum
951 1507 1014 1550 non
1037 1493 1085 1549 eat
1108 1485 1204 1564 mihi,
1238 1485 1313 1569 quia

164 1593 278 1654 cuncta
300 1611 369 1654 mea
391 1589 475 1654 bona
497 1590 678 1673 consumpsi
701 1590 734 1654 in
759 1591 963 1668 infirmitate,
987 1591 1041 1654 sed
1064 1589 1131 1654 Deo
1161 1593 1312 1675 permitto

163 1697 196 1758 et
217 1694 289 1772 tibi,
313 1693 397 1776 quod
419 1715 543 1776 semper
565 1694 599 1756 in
623 1695 821 1758 orationibus
834 1695 910 1759 meis
935 1695 1117 1762 memoriam
1134 1697 1182 1760 tui
1197 1696 1311 1762 faciam

163 1817 200 1862 ac
221 1797 259 1862 de
285 1798 398 1876 bonis,
429 1819 499 1882 qum
521 1796 607 1862 Deus
635 1799 756 1864 dederit
781 1800 868 1878 mihi,
892 1805 1014 1884 partem
1038 1801 1206 1868 conferam.
1254 1799 1313 1865 cni

163 1903 292 1969 mirtus:
323 1903 480 1987 optimum
508 1904 647 1987 pretium
677 1903 887 1983 militabis,
919 1905 947 1968 si
969 1927 1076 1989 preces
1101 1910 1133 1970 et
1154 1905 1313 1970 orationes

126 2006 204 2071 aad
234 2008 397 2072 dominum
428 2030 486 2091 pro
517 2030 567 2073 me
599 2007 760 2073 effundere
782 2010 973 2092 procurabis.
1018 2010 1139 2075 Idcirco
1161 2009 1314 2075 adscende

152 2133 259 2196 super
282 2135 331 2178 me
363 2118 395 2177 et
426 2113 531 2196 accipe
563 2114 716 2198 quidquid
739 2115 804 2192 ris,
837 2117 1057 2180 tantummodo
1082 2117 1236 2200 promissa
1258 2137 1313 2181 cu-

165 2216 292 2282 stodias
339 2215 381 2282 Et
404 2219 542 2282 addidit:
565 2219 613 2282 illi
636 2240 694 2284 nos
717 2223 862 2283 tenemur
886 2221 968 2297 dare,
992 2221 1046 2303 qui
1062 2242 1121 2304 pro
1136 2221 1227 2285 nobis
1244 2221 1314 2286 vult

165 2343 263 2388 orare.
309 2321 360 2388 Ita
394 2327 426 2396 et
453 2344 511 2389 nos
544 2323 727 2390 benefacere
763 2325 911 2389 debemus
942 2325 1148 2390 servitoribus
1182 2325 1311 2405 Christi,

164 2431 202 2492 ut
223 2448 282 2511 pro
304 2427 398 2492 nobis
419 2428 578 2492 orationes
603 2432 634 2491 et
657 2451 764 2513 preces
787 2429 825 2492 ad
849 2429 1013 2493 dominum
1036 2429 1210 2509 effundant,
1239 2432 1315 2514 quia

126 2557 152 2595 so
165 2533 324 2598 orationes
346 2537 463 2598 sanctae
485 2533 669 2617 impetrant,
693 2535 777 2618 quod
800 2534 922 2612 volunt,
945 2538 982 2598 ut
1003 2535 1082 2598 dicit
1096 2535 1218 2619 glossa:
1241 2558 1312 2601 ora·

165 2638 212 2703 tio
235 2639 322 2702 velut
348 2639 505 2722 quoddam
529 2644 653 2704 scutum
683 2641 723 2704 ab
747 2640 794 2703 ira
816 2636 876 2702 Dei
898 2639 1047 2724 protegit.
1094 2640 1185 2705 Unde
1206 2639 1313 2726 Origi·
1346 2707 1350 2717 ,

164 2763 238 2806 nes:
269 2744 342 2826 plus
369 2744 452 2808 valet
476 2765 557 2809 unus
579 2749 708 2810 sanctus
731 2745 852 2809 orando
884 2765 978 2828 quam
1010 2745 1105 2810 multi
1135 2750 1314 2829 peccatores

165 2848 350 2932 proeliando.
397 2847 497 2912 Prout
518 2848 636 2932 legitur
658 2849 692 2912 in
715 2848 823 2913 Exodo
846 2845 957 2913 XVII:
984 2848 1109 2934 Moyses
1133 2873 1151 2914 a
1173 2854 1315 2932 tempore

165 2973 227 3037 quo
250 2956 318 3017 erat
338 2954 372 3016 in
397 2954 520 3017 deserto
542 2975 614 3018 cum
637 2954 713 3018 filiis
736 2953 844 3032 Israel,
869 2953 997 3036 quidam
1010 2976 1065 3019 rex
1089 2955 1190 3018 dictus
1214 2955 1312 3018 Ama-

126 3081 151 3120 ra
165 3057 235 3122 lech
250 3057 407 3142 pugnavit
421 3079 491 3122 cum
508 3079 553 3138 eo,
578 3064 610 3124 et
626 3081 723 3144 quum
734 3059 895 3124 videretse
904 3061 1046 3143 superari
1057 3060 1096 3124 ab
1105 3059 1235 3125 inimico
1245 3081 1312 3139 suo,

165 3163 300 3228 recurrit
322 3163 555 3228 adorationem
579 3187 668 3230 suam
691 3169 723 3229 et
745 3164 875 3228 elevatis
898 3165 998 3229 oeulis
1025 3165 1058 3229 in
1075 3165 1187 3229 eoelum
1203 3165 1315 3229 orabat

165 3273 198 3332 et
220 3268 264 3333 sic
287 3268 434 3332 vincebat
456 3270 591 3353 populus
614 3292 697 3335 suus.
743 3268 786 3332 Et
808 3291 879 3333 cum
893 3271 1064 3353 deponeret
1087 3291 1225 3347 manum,
1241 3269 1312 3333 vin-

166 3373 256 3438 cebat
271 3373 417 3439 inimicus
434 3397 518 3442 suus.
550 3375 664 3441 Manus
676 3381 780 3439 autem
792 3374 895 3460 Moysi
908 3395 1019 3460 graves
1027 3378 1118 3438 erant
1129 3379 1161 3438 et
1176 3395 1239 3437 non
1257 3395 1315 3457 po·

165 3483 250 3543 terat
271 3501 322 3544 eas
346 3480 380 3543 in
403 3480 503 3544 altum
527 3482 581 3545 diu
603 3486 717 3548 tenere.
765 3478 856 3544 Unde
889 3479 1024 3558 dicitur,
1055 3478 1139 3562 quod
1170 3478 1231 3542 duo
1255 3477 1316 3542 viri

127 3583 275 3649 soAaron
298 3590 330 3650 et
352 3585 423 3649 Hur
446 3586 572 3650 iverunt
601 3609 682 3651 unus
715 3586 752 3650 ad
776 3584 941 3650 brachium
975 3585 1139 3660 dextrum,
1171 3583 1252 3648 alius
1275 3583 1315 3648 ad

166 3689 330 3754 sinistrum
355 3689 476 3777 Moysi,
507 3696 650 3756 tenentes
676 3713 786 3755 manua
809 3693 875 3774 ejus
905 3692 937 3753 in
969 3691 1087 3767 altum,
1118 3689 1216 3753 donec
1248 3690 1315 3771 ejus

166 3793 313 3860 inimicus
343 3796 376 3860 in
400 3795 511 3882 fugam
534 3801 780 3862 converteretur.
827 3793 919 3860 Unde
943 3796 1068 3878 quidem
1092 3794 1194 3859 oratio
1218 3792 1312 3856 etiam

166 3899 306 3964 inbelle
334 3901 488 3983 corporali
520 3901 707 3984 triumphat.
753 3898 885 3984 Legitur
915 3901 947 3962 in
972 3899 1133 3984 Hysteriis
1156 3901 1315 3962 transma-

166 4004 255 4082 rinis,
279 4005 372 4088 quod,
396 4027 467 4070 cum
484 4003 644 4070 (loffridus
661 4006 699 4069 de
714 4003 835 4069 Bolone
858 4008 889 4068 et
912 4005 962 4068 sui
984 4004 1105 4068 domini
1128 4002 1315 4067 fuissentin

127 4131 152 4168 aa
166 4110 329 4175 obsidione
359 4111 558 4187 Antiochiae,
589 4115 622 4175 et
644 4109 782 4174 Garbara
805 4110 953 4194 princeps
975 4109 1101 4174 militia
1127 4109 1211 4194 regis
1240 4107 1316 4172 Per-

166 4237 273 4279 sarum
304 4237 374 4280 cum
408 4215 614 4280 multitudine
638 4213 838 4280 'sarchorum
871 4218 903 4278 et
925 4213 1155 4278 Saracenorum
1178 4233 1230 4277 eos
1253 4213 1315 4278 oir-

167 4321 362 4400 cumdasset‚
389 4321 436 4386 ita
457 4321 567 4386 afflicti
591 4325 666 4385 sunt
687 4321 772 4385 fame
794 4325 826 4384 et
847 4319 919 4397 siti,
950 4319 1033 4403 quod
1057 4340 1122 4383 non
1145 4318 1315 4397 habebant,

168 4426 244 4510 quid
267 4427 484 4524 comederent,
515 4425 589 4510 equi
620 4431 725 4491 antem
749 4424 956 4492 comedebant
984 4424 1133 4490 corticem
1156 4424 1314 4494 arborum.
