<?xml version="1.0" encoding="UTF-8"?>
<!DOCTYPE html PUBLIC "-//W3C//DTD XHTML 1.0 Transitional//EN"
    "http://www.w3.org/TR/xhtml1/DTD/xhtml1-transitional.dtd">
<html xmlns="http://www.w3.org/1999/xhtml" xml:lang="en" lang="en">
 <head>
  <title>
</title>
<meta http-equiv="Content-Type" content="text/html;charset=utf-8" />
  <meta name='ocr-system' content='tesseract 3.04.00' />
  <meta name='ocr-capabilities' content='ocr_page ocr_carea ocr_par ocr_line ocrx_word'/>
</head>
<body>
  <div class='ocr_page' id='page_1' title='image "./zweiredenankais02sleigoog/zweiredenankais02sleigoog_0129.png"; bbox 0 0 3058 4946; ppageno 0'>
   <div class='ocr_carea' id='block_1_1' title="bbox 738 309 801 397">
    <p class='ocr_par' dir='ltr' id='par_1_1' title="bbox 738 309 801 397">
     <span class='ocr_line' id='line_1_1' title="bbox 738 309 801 397; baseline -0.016 -23"><span class='ocrx_word' id='word_1_1' title='bbox 738 309 801 397; x_wconf 77' lang='lat' dir='ltr'>rao</span> 
     </span>
    </p>
   </div>
   <div class='ocr_carea' id='block_1_2' title="bbox 193 481 1351 1389">
    <p class='ocr_par' dir='ltr' id='par_1_2' title="bbox 194 481 1347 780">
     <span class='ocr_line' id='line_1_2' title="bbox 195 481 1344 568; baseline -0.003 -16"><span class='ocrx_word' id='word_1_2' title='bbox 195 487 299 564; x_wconf 91' lang='lat' dir='ltr'>turba,</span> <span class='ocrx_word' id='word_1_3' title='bbox 323 485 375 550; x_wconf 88' lang='lat' dir='ltr'>sed</span> <span class='ocrx_word' id='word_1_4' title='bbox 399 490 432 549; x_wconf 88' lang='lat' dir='ltr'>et</span> <span class='ocrx_word' id='word_1_5' title='bbox 454 483 543 561; x_wconf 90' lang='lat' dir='ltr'>illud,</span> <span class='ocrx_word' id='word_1_6' title='bbox 566 486 603 548; x_wconf 90' lang='lat' dir='ltr'>ut</span> <span class='ocrx_word' id='word_1_7' title='bbox 625 482 834 548; x_wconf 80' lang='lat' dir='ltr'>excludantur</span> <span class='ocrx_word' id='word_1_8' title='bbox 856 505 873 547; x_wconf 92' lang='lat' dir='ltr'>e</span> <span class='ocrx_word' id='word_1_9' title='bbox 895 481 1011 548; x_wconf 84' lang='lat' dir='ltr'>scholis</span> <span class='ocrx_word' id='word_1_10' title='bbox 1027 483 1152 550; x_wconf 79' lang='lat' dir='ltr'>Erasmi</span> <span class='ocrx_word' id='word_1_11' title='bbox 1168 483 1344 568; x_wconf 82' lang='lat' dir='ltr'>Colloquia,</span> 
     </span>
     <span class='ocr_line' id='line_1_3' title="bbox 195 587 1347 674; baseline -0.003 -18"><span class='ocrx_word' id='word_1_12' title='bbox 195 613 297 674; x_wconf 90' lang='lat' dir='ltr'>neque</span> <span class='ocrx_word' id='word_1_13' title='bbox 319 589 478 654; x_wconf 89' lang='lat' dir='ltr'>inventuti</span> <span class='ocrx_word' id='word_1_14' title='bbox 502 587 707 671; x_wconf 73' lang='lat' dir='ltr'><strong>permittatur</strong></span> <span class='ocrx_word' id='word_1_15' title='bbox 729 609 838 652; x_wconf 91' lang='lat' dir='ltr'>eorum</span> <span class='ocrx_word' id='word_1_16' title='bbox 860 588 963 653; x_wconf 84' lang='lat' dir='ltr'>lectio</span> <span class='ocrx_word' id='word_1_17' title='bbox 1011 588 1093 666; x_wconf 83' lang='lat' dir='ltr'><strong>Quid</strong></span> <span class='ocrx_word' id='word_1_18' title='bbox 1124 611 1213 668; x_wconf 87' lang='lat' dir='ltr'>vero,</span> <span class='ocrx_word' id='word_1_19' title='bbox 1238 610 1347 653; x_wconf 89' lang='lat' dir='ltr'>nonne</span> 
     </span>
     <span class='ocr_line' id='line_1_4' title="bbox 194 686 1083 780; baseline -0.002 -20"><span class='ocrx_word' id='word_1_20' title='bbox 194 693 383 780; x_wconf 82' lang='lat' dir='ltr'>praeclarum</span> <span class='ocrx_word' id='word_1_21' title='bbox 406 692 490 758; x_wconf 85' lang='lat' dir='ltr'>istud</span> <span class='ocrx_word' id='word_1_22' title='bbox 513 697 561 758; x_wconf 91' lang='lat' dir='ltr'>est</span> <span class='ocrx_word' id='word_1_23' title='bbox 584 691 844 776; x_wconf 87' lang='lat' dir='ltr'>auspicatumque</span> <span class='ocrx_word' id='word_1_24' title='bbox 866 686 1083 778; x_wconf 78' lang='lat' dir='ltr'>prooe&#39;mium?</span> 
     </span>
    </p>

    <p class='ocr_par' dir='ltr' id='par_1_3' title="bbox 193 797 1351 1389">
     <span class='ocr_line' id='line_1_5' title="bbox 279 797 1346 882; baseline -0.001 -18"><span class='ocrx_word' id='word_1_25' title='bbox 279 799 323 864; x_wconf 84' lang='lat' dir='ltr'>Et</span> <span class='ocrx_word' id='word_1_26' title='bbox 345 798 412 863; x_wconf 80' lang='lat' dir='ltr'>haec</span> <span class='ocrx_word' id='word_1_27' title='bbox 433 797 559 882; x_wconf 89' lang='lat' dir='ltr'>quidem</span> <span class='ocrx_word' id='word_1_28' title='bbox 582 802 647 863; x_wconf 90' lang='lat' dir='ltr'>tam</span> <span class='ocrx_word' id='word_1_29' title='bbox 671 818 735 860; x_wconf 92' lang='lat' dir='ltr'>non</span> <span class='ocrx_word' id='word_1_30' title='bbox 759 798 847 882; x_wconf 87' lang='lat' dir='ltr'>parvi</span> <span class='ocrx_word' id='word_1_31' title='bbox 878 799 1048 876; x_wconf 80' lang='lat' dir='ltr'>momenti,</span> <span class='ocrx_word' id='word_1_32' title='bbox 1083 819 1157 876; x_wconf 81' lang='lat' dir='ltr'>uos,</span> <span class='ocrx_word' id='word_1_33' title='bbox 1190 802 1223 862; x_wconf 89' lang='lat' dir='ltr'>ct</span> <span class='ocrx_word' id='word_1_34' title='bbox 1244 820 1346 876; x_wconf 87' lang='lat' dir='ltr'>senes,</span> 
     </span>
     <span class='ocr_line' id='line_1_6' title="bbox 193 903 1348 988; baseline -0.003 -18"><span class='ocrx_word' id='word_1_35' title='bbox 193 910 225 970; x_wconf 91' lang='lat' dir='ltr'>et</span> <span class='ocrx_word' id='word_1_36' title='bbox 248 905 333 970; x_wconf 90' lang='lat' dir='ltr'>docti</span> <span class='ocrx_word' id='word_1_37' title='bbox 355 904 509 981; x_wconf 87' lang='lat' dir='ltr'>homines,</span> <span class='ocrx_word' id='word_1_38' title='bbox 534 927 552 967; x_wconf 91' lang='lat' dir='ltr'>a</span> <span class='ocrx_word' id='word_1_39' title='bbox 574 925 698 967; x_wconf 88' lang='lat' dir='ltr'>summo</span> <span class='ocrx_word' id='word_1_40' title='bbox 721 903 869 988; x_wconf 88' lang='lat' dir='ltr'>pontifice</span> <span class='ocrx_word' id='word_1_41' title='bbox 892 903 1021 980; x_wconf 89' lang='lat' dir='ltr'>delecti,</span> <span class='ocrx_word' id='word_1_42' title='bbox 1049 903 1276 982; x_wconf 85' lang='lat' dir='ltr'>constituistis,</span> <span class='ocrx_word' id='word_1_43' title='bbox 1311 907 1348 968; x_wconf 86' lang='lat' dir='ltr'>et</span> 
     </span>
     <span class='ocr_line' id='line_1_7' title="bbox 193 1007 1349 1092; baseline -0.002 -18"><span class='ocrx_word' id='word_1_44' title='bbox 193 1009 403 1074; x_wconf 87' lang='lat' dir='ltr'>constituistis</span> <span class='ocrx_word' id='word_1_45' title='bbox 425 1013 631 1091; x_wconf 75' lang='lat' dir='ltr'><strong>posteaquam</strong></span> <span class='ocrx_word' id='word_1_46' title='bbox 653 1007 708 1071; x_wconf 93' lang='lat' dir='ltr'>ille</span> <span class='ocrx_word' id='word_1_47' title='bbox 730 1029 784 1072; x_wconf 90' lang='lat' dir='ltr'>vos</span> <span class='ocrx_word' id='word_1_48' title='bbox 802 1009 1008 1092; x_wconf 87' lang='lat' dir='ltr'>jurejurando</span> <span class='ocrx_word' id='word_1_49' title='bbox 1032 1008 1280 1087; x_wconf 73' lang='lat' dir='ltr'>constrinxerat,</span> <span class='ocrx_word' id='word_1_50' title='bbox 1305 1029 1349 1072; x_wconf 88' lang='lat' dir='ltr'>ne</span> 
     </span>
     <span class='ocr_line' id='line_1_8' title="bbox 194 1111 1351 1200; baseline -0.002 -21"><span class='ocrx_word' id='word_1_51' title='bbox 194 1114 270 1200; x_wconf 91' lang='lat' dir='ltr'>quid</span> <span class='ocrx_word' id='word_1_52' title='bbox 304 1113 433 1178; x_wconf 91' lang='lat' dir='ltr'>omnino</span> <span class='ocrx_word' id='word_1_53' title='bbox 468 1111 708 1177; x_wconf 86' lang='lat' dir='ltr'>dissimularctie</span> <span class='ocrx_word' id='word_1_54' title='bbox 742 1133 848 1177; x_wconf 90' lang='lat' dir='ltr'>eorum</span> <span class='ocrx_word' id='word_1_55' title='bbox 884 1113 1044 1192; x_wconf 88' lang='lat' dir='ltr'>omnium,</span> <span class='ocrx_word' id='word_1_56' title='bbox 1082 1134 1153 1197; x_wconf 85' lang='lat' dir='ltr'>quae</span> <span class='ocrx_word' id='word_1_57' title='bbox 1186 1111 1292 1190; x_wconf 76' lang='lat' dir='ltr'>vobio,</span> <span class='ocrx_word' id='word_1_58' title='bbox 1326 1137 1351 1177; x_wconf 83' lang='lat' dir='ltr'>a</span> 
     </span>
     <span class='ocr_line' id='line_1_9' title="bbox 193 1215 1347 1303; baseline -0.004 -19"><span class='ocrx_word' id='word_1_59' title='bbox 193 1220 295 1284; x_wconf 87' lang='lat' dir='ltr'>multa</span> <span class='ocrx_word' id='word_1_60' title='bbox 317 1222 348 1283; x_wconf 86' lang='lat' dir='ltr'>et</span> <span class='ocrx_word' id='word_1_61' title='bbox 371 1216 461 1303; x_wconf 83' lang='lat' dir='ltr'>graui</span> <span class='ocrx_word' id='word_1_62' title='bbox 485 1215 727 1293; x_wconf 87' lang='lat' dir='ltr'>consultatione,</span> <span class='ocrx_word' id='word_1_63' title='bbox 751 1215 933 1280; x_wconf 82' lang='lat' dir='ltr'>uiderentur</span> <span class='ocrx_word' id='word_1_64' title='bbox 956 1237 1022 1280; x_wconf 86' lang='lat' dir='ltr'>esse</span> <span class='ocrx_word' id='word_1_65' title='bbox 1045 1217 1220 1282; x_wconf 87' lang='lat' dir='ltr'>necessario</span> <span class='ocrx_word' id='word_1_66' title='bbox 1236 1238 1347 1280; x_wconf 87' lang='lat' dir='ltr'>emen-</span> 
     </span>
     <span class='ocr_line' id='line_1_10' title="bbox 193 1320 1350 1389; baseline -0.003 -1"><span class='ocrx_word' id='word_1_67' title='bbox 193 1323 305 1388; x_wconf 88' lang='lat' dir='ltr'>danda.</span> <span class='ocrx_word' id='word_1_68' title='bbox 359 1321 438 1386; x_wconf 84' lang='lat' dir='ltr'>Post</span> <span class='ocrx_word' id='word_1_69' title='bbox 470 1320 553 1384; x_wconf 86' lang='lat' dir='ltr'>hanc</span> <span class='ocrx_word' id='word_1_70' title='bbox 585 1323 721 1385; x_wconf 84' lang='lat' dir='ltr'>uestram</span> <span class='ocrx_word' id='word_1_71' title='bbox 758 1321 834 1385; x_wconf 83' lang='lat' dir='ltr'>adeo</span> <span class='ocrx_word' id='word_1_72' title='bbox 868 1321 1039 1386; x_wconf 86' lang='lat' dir='ltr'>salutarem</span> <span class='ocrx_word' id='word_1_73' title='bbox 1070 1325 1102 1386; x_wconf 91' lang='lat' dir='ltr'>et</span> <span class='ocrx_word' id='word_1_74' title='bbox 1132 1321 1283 1389; x_wconf 77' lang='lat' dir='ltr'>doctrinm</span> <span class='ocrx_word' id='word_1_75' title='bbox 1313 1325 1350 1385; x_wconf 86' lang='lat' dir='ltr'>et</span> 
     </span>
    </p>
   </div>
   <div class='ocr_carea' id='block_1_3' title="bbox 90 1425 1350 1511">
    <p class='ocr_par' dir='ltr' id='par_1_4' title="bbox 90 1425 1350 1511">
     <span class='ocr_line' id='line_1_11' title="bbox 90 1425 1350 1511; baseline -0.003 -18"><span class='ocrx_word' id='word_1_76' title='bbox 90 1439 93 1444; x_wconf 90' lang='lat'>&#39;</span> <span class='ocrx_word' id='word_1_77' title='bbox 194 1427 368 1511; x_wconf 85' lang='lat' dir='ltr'>disciplinae</span> <span class='ocrx_word' id='word_1_78' title='bbox 383 1426 600 1492; x_wconf 67' lang='lat' dir='ltr'>ecclesiastica</span> <span class='ocrx_word' id='word_1_79' title='bbox 616 1430 647 1489; x_wconf 90' lang='lat' dir='ltr'>et</span> <span class='ocrx_word' id='word_1_80' title='bbox 662 1445 786 1488; x_wconf 89' lang='lat' dir='ltr'>morum</span> <span class='ocrx_word' id='word_1_81' title='bbox 803 1426 1039 1503; x_wconf 78' lang='lat' dir='ltr'>correctionem,</span> <span class='ocrx_word' id='word_1_82' title='bbox 1062 1425 1154 1490; x_wconf 86' lang='lat' dir='ltr'>factae</span> <span class='ocrx_word' id='word_1_83' title='bbox 1169 1430 1245 1490; x_wconf 88' lang='lat' dir='ltr'>sunt</span> <span class='ocrx_word' id='word_1_84' title='bbox 1260 1426 1350 1490; x_wconf 86' lang='lat' dir='ltr'>inter</span> 
     </span>
    </p>
   </div>
   <div class='ocr_carea' id='block_1_4' title="bbox 194 1528 1349 2454">
    <p class='ocr_par' dir='ltr' id='par_1_5' title="bbox 194 1528 1349 2454">
     <span class='ocr_line' id='line_1_12' title="bbox 194 1528 1347 1614; baseline -0.006 -15"><span class='ocrx_word' id='word_1_85' title='bbox 194 1533 348 1599; x_wconf 76' lang='lat' dir='ltr'>Caesarem</span> <span class='ocrx_word' id='word_1_86' title='bbox 371 1536 403 1596; x_wconf 90' lang='lat' dir='ltr'>et</span> <span class='ocrx_word' id='word_1_87' title='bbox 426 1529 539 1594; x_wconf 85' lang='lat' dir='ltr'>Gallice</span> <span class='ocrx_word' id='word_1_88' title='bbox 562 1550 678 1614; x_wconf 85' lang='lat' dir='ltr'>regem,</span> <span class='ocrx_word' id='word_1_89' title='bbox 701 1529 785 1612; x_wconf 83' lang='lat' dir='ltr'>apud</span> <span class='ocrx_word' id='word_1_90' title='bbox 807 1528 959 1606; x_wconf 88' lang='lat' dir='ltr'>Nicaeam,</span> <span class='ocrx_word' id='word_1_91' title='bbox 984 1531 1090 1594; x_wconf 90' lang='lat' dir='ltr'>decem</span> <span class='ocrx_word' id='word_1_92' title='bbox 1112 1551 1268 1594; x_wconf 88' lang='lat' dir='ltr'>annorum</span> <span class='ocrx_word' id='word_1_93' title='bbox 1292 1530 1347 1593; x_wconf 91' lang='lat' dir='ltr'>in-</span> 
     </span>
     <span class='ocr_line' id='line_1_13' title="bbox 195 1633 1349 1721; baseline -0.003 -19"><span class='ocrx_word' id='word_1_94' title='bbox 195 1637 300 1716; x_wconf 87' lang='lat' dir='ltr'>dutiae,</span> <span class='ocrx_word' id='word_1_95' title='bbox 324 1657 386 1721; x_wconf 92' lang='lat' dir='ltr'>quo</span> <span class='ocrx_word' id='word_1_96' title='bbox 408 1637 559 1717; x_wconf 91' lang='lat' dir='ltr'>tempore,</span> <span class='ocrx_word' id='word_1_97' title='bbox 584 1655 654 1698; x_wconf 90' lang='lat' dir='ltr'>cum</span> <span class='ocrx_word' id='word_1_98' title='bbox 678 1633 874 1712; x_wconf 86' lang='lat' dir='ltr'>crederetur,</span> <span class='ocrx_word' id='word_1_99' title='bbox 905 1634 985 1700; x_wconf 93' lang='lat' dir='ltr'>illud</span> <span class='ocrx_word' id='word_1_100' title='bbox 1007 1657 1026 1698; x_wconf 88' lang='lat' dir='ltr'>a</span> <span class='ocrx_word' id='word_1_101' title='bbox 1048 1634 1138 1699; x_wconf 86' lang='lat' dir='ltr'>vobis</span> <span class='ocrx_word' id='word_1_102' title='bbox 1160 1634 1349 1700; x_wconf 89' lang='lat' dir='ltr'>inchoatum</span> 
     </span>
     <span class='ocr_line' id='line_1_14' title="bbox 196 1738 1347 1824; baseline -0.003 -18"><span class='ocrx_word' id='word_1_103' title='bbox 196 1742 364 1806; x_wconf 91' lang='lat' dir='ltr'>concilium</span> <span class='ocrx_word' id='word_1_104' title='bbox 396 1743 494 1823; x_wconf 90' lang='lat' dir='ltr'>posse</span> <span class='ocrx_word' id='word_1_105' title='bbox 529 1738 636 1822; x_wconf 85' lang='lat' dir='ltr'>perfici</span> <span class='ocrx_word' id='word_1_106' title='bbox 670 1742 799 1823; x_wconf 87' lang='lat' dir='ltr'>propter</span> <span class='ocrx_word' id='word_1_107' title='bbox 830 1740 1119 1805; x_wconf 75' lang='lat' dir='ltr'>reconciliationem</span> <span class='ocrx_word' id='word_1_108' title='bbox 1151 1739 1347 1824; x_wconf 87' lang='lat' dir='ltr'>principum,</span> 
     </span>
     <span class='ocr_line' id='line_1_15' title="bbox 195 1843 1348 1930; baseline -0.003 -18"><span class='ocrx_word' id='word_1_109' title='bbox 195 1868 264 1912; x_wconf 89' lang='lat' dir='ltr'>ecce</span> <span class='ocrx_word' id='word_1_110' title='bbox 287 1867 439 1930; x_wconf 81' lang='lat' dir='ltr'>magnum</span> <span class='ocrx_word' id='word_1_111' title='bbox 462 1847 493 1906; x_wconf 88' lang='lat' dir='ltr'>et</span> <span class='ocrx_word' id='word_1_112' title='bbox 515 1843 712 1927; x_wconf 88' lang='lat' dir='ltr'>insperatum</span> <span class='ocrx_word' id='word_1_113' title='bbox 736 1844 908 1909; x_wconf 90' lang='lat' dir='ltr'>silentium.</span> <span class='ocrx_word' id='word_1_114' title='bbox 955 1844 1104 1910; x_wconf 83' lang='lat' dir='ltr'>Pontifex</span> <span class='ocrx_word' id='word_1_115' title='bbox 1135 1845 1237 1924; x_wconf 90' lang='lat' dir='ltr'>enim,</span> <span class='ocrx_word' id='word_1_116' title='bbox 1271 1849 1348 1908; x_wconf 86' lang='lat' dir='ltr'>tnn-</span> 
     </span>
     <span class='ocr_line' id='line_1_16' title="bbox 194 1949 1348 2037; baseline -0.003 -20"><span class='ocrx_word' id='word_1_117' title='bbox 194 1974 290 2037; x_wconf 86' lang='lat' dir='ltr'>quam</span> <span class='ocrx_word' id='word_1_118' title='bbox 312 1951 398 2034; x_wconf 88' lang='lat' dir='ltr'>pacis</span> <span class='ocrx_word' id='word_1_119' title='bbox 422 1954 453 2015; x_wconf 92' lang='lat' dir='ltr'>et</span> <span class='ocrx_word' id='word_1_120' title='bbox 469 1949 664 2013; x_wconf 82' lang='lat' dir='ltr'>indutiarum</span> <span class='ocrx_word' id='word_1_121' title='bbox 680 1952 799 2028; x_wconf 81' lang='lat' dir='ltr'>auctor,</span> <span class='ocrx_word' id='word_1_122' title='bbox 823 1950 958 2015; x_wconf 89' lang='lat' dir='ltr'>Romam</span> <span class='ocrx_word' id='word_1_123' title='bbox 974 1949 1176 2034; x_wconf 89' lang='lat' dir='ltr'>triumphans</span> <span class='ocrx_word' id='word_1_124' title='bbox 1191 1950 1348 2028; x_wconf 80' lang='lat' dir='ltr'>invectus,</span> 
     </span>
     <span class='ocr_line' id='line_1_17' title="bbox 194 2054 1348 2139; baseline -0.001 -18"><span class='ocrx_word' id='word_1_125' title='bbox 194 2056 353 2121; x_wconf 89' lang='lat' dir='ltr'>continuit</span> <span class='ocrx_word' id='word_1_126' title='bbox 375 2077 418 2132; x_wconf 90' lang='lat' dir='ltr'>se,</span> <span class='ocrx_word' id='word_1_127' title='bbox 442 2075 560 2139; x_wconf 91' lang='lat' dir='ltr'>perque</span> <span class='ocrx_word' id='word_1_128' title='bbox 582 2057 686 2118; x_wconf 85' lang='lat' dir='ltr'>totum</span> <span class='ocrx_word' id='word_1_129' title='bbox 710 2054 969 2139; x_wconf 87' lang='lat' dir='ltr'>quadriennium,</span> <span class='ocrx_word' id='word_1_130' title='bbox 1002 2055 1036 2119; x_wconf 92' lang='lat' dir='ltr'>in</span> <span class='ocrx_word' id='word_1_131' title='bbox 1059 2055 1216 2120; x_wconf 87' lang='lat' dir='ltr'>altissima</span> <span class='ocrx_word' id='word_1_132' title='bbox 1238 2055 1348 2139; x_wconf 84' lang='lat' dir='ltr'>quiete</span> 
     </span>
     <span class='ocr_line' id='line_1_18' title="bbox 194 2159 1346 2244; baseline -0.003 -17"><span class='ocrx_word' id='word_1_133' title='bbox 194 2167 226 2227; x_wconf 89' lang='lat' dir='ltr'>et</span> <span class='ocrx_word' id='word_1_134' title='bbox 249 2163 334 2239; x_wconf 92' lang='lat' dir='ltr'>oti0,</span> <span class='ocrx_word' id='word_1_135' title='bbox 369 2162 406 2226; x_wconf 91' lang='lat' dir='ltr'>de</span> <span class='ocrx_word' id='word_1_136' title='bbox 429 2159 562 2224; x_wconf 91' lang='lat' dir='ltr'>concilio</span> <span class='ocrx_word' id='word_1_137' title='bbox 593 2181 633 2224; x_wconf 89' lang='lat' dir='ltr'>ne</span> <span class='ocrx_word' id='word_1_138' title='bbox 656 2159 786 2223; x_wconf 79' lang='lat' dir='ltr'>verbum</span> <span class='ocrx_word' id='word_1_139' title='bbox 817 2160 945 2242; x_wconf 89' lang='lat' dir='ltr'>quidem</span> <span class='ocrx_word' id='word_1_140' title='bbox 975 2182 1073 2224; x_wconf 91' lang='lat' dir='ltr'>unum</span> <span class='ocrx_word' id='word_1_141' title='bbox 1108 2160 1253 2244; x_wconf 91' lang='lat' dir='ltr'>publice,</span> <span class='ocrx_word' id='word_1_142' title='bbox 1289 2160 1346 2224; x_wconf 89' lang='lat' dir='ltr'>sed</span> 
     </span>
     <span class='ocr_line' id='line_1_19' title="bbox 194 2263 1345 2350; baseline -0.003 -19"><span class='ocrx_word' id='word_1_143' title='bbox 194 2271 408 2332; x_wconf 79' lang='lat' dir='ltr'>recensente</span> <span class='ocrx_word' id='word_1_144' title='bbox 436 2264 621 2342; x_wconf 87' lang='lat' dir='ltr'>biennium,</span> <span class='ocrx_word' id='word_1_145' title='bbox 656 2268 750 2328; x_wconf 89' lang='lat' dir='ltr'>eunte</span> <span class='ocrx_word' id='word_1_146' title='bbox 781 2263 879 2349; x_wconf 84' lang='lat' dir='ltr'>[liiij]</span> <span class='ocrx_word' id='word_1_147' title='bbox 912 2265 1037 2350; x_wconf 82' lang='lat' dir='ltr'>magnis</span> <span class='ocrx_word' id='word_1_148' title='bbox 1059 2265 1180 2330; x_wconf 89' lang='lat' dir='ltr'>viribus</span> <span class='ocrx_word' id='word_1_149' title='bbox 1203 2265 1237 2328; x_wconf 94' lang='lat' dir='ltr'>in</span> <span class='ocrx_word' id='word_1_150' title='bbox 1260 2264 1345 2329; x_wconf 84' lang='lat' dir='ltr'>Tur-</span> 
     </span>
     <span class='ocr_line' id='line_1_20' title="bbox 195 2369 1349 2454; baseline -0.004 -16"><span class='ocrx_word' id='word_1_151' title='bbox 195 2395 264 2438; x_wconf 89' lang='lat' dir='ltr'>cam</span> <span class='ocrx_word' id='word_1_152' title='bbox 287 2370 474 2448; x_wconf 85' lang='lat' dir='ltr'>Germania,</span> <span class='ocrx_word' id='word_1_153' title='bbox 506 2373 663 2452; x_wconf 89' lang='lat' dir='ltr'>crescente</span> <span class='ocrx_word' id='word_1_154' title='bbox 692 2369 759 2453; x_wconf 90' lang='lat' dir='ltr'>jam</span> <span class='ocrx_word' id='word_1_155' title='bbox 781 2373 813 2433; x_wconf 92' lang='lat' dir='ltr'>et</span> <span class='ocrx_word' id='word_1_156' title='bbox 839 2392 902 2433; x_wconf 89' lang='lat' dir='ltr'>non</span> <span class='ocrx_word' id='word_1_157' title='bbox 931 2370 1032 2435; x_wconf 88' lang='lat' dir='ltr'>multo</span> <span class='ocrx_word' id='word_1_158' title='bbox 1058 2373 1132 2454; x_wconf 91' lang='lat' dir='ltr'>post</span> <span class='ocrx_word' id='word_1_159' title='bbox 1161 2372 1349 2453; x_wconf 88' lang='lat' dir='ltr'>erumpente</span> 
     </span>
    </p>
   </div>
   <div class='ocr_carea' id='block_1_5' title="bbox 194 2473 1349 2654">
    <p class='ocr_par' dir='ltr' id='par_1_6' title="bbox 194 2473 1349 2654">
     <span class='ocr_line' id='line_1_21' title="bbox 194 2473 1349 2561; baseline -0.002 -19"><span class='ocrx_word' id='word_1_160' title='bbox 194 2500 275 2542; x_wconf 87' lang='lat' dir='ltr'>novo</span> <span class='ocrx_word' id='word_1_161' title='bbox 299 2477 381 2543; x_wconf 89' lang='lat' dir='ltr'>bello</span> <span class='ocrx_word' id='word_1_162' title='bbox 404 2477 488 2542; x_wconf 91' lang='lat' dir='ltr'>inter</span> <span class='ocrx_word' id='word_1_163' title='bbox 510 2474 663 2540; x_wconf 87' lang='lat' dir='ltr'>Caesarem</span> <span class='ocrx_word' id='word_1_164' title='bbox 687 2473 861 2558; x_wconf 71' lang='lat' dir='ltr'>Galliaque</span> <span class='ocrx_word' id='word_1_165' title='bbox 883 2497 1008 2561; x_wconf 80' lang='lat' dir='ltr'>regem,</span> <span class='ocrx_word' id='word_1_166' title='bbox 1044 2477 1146 2540; x_wconf 91' lang='lat' dir='ltr'>denuc</span> <span class='ocrx_word' id='word_1_167' title='bbox 1176 2475 1349 2540; x_wconf 88' lang='lat' dir='ltr'>concilium</span> 
     </span>
     <span class='ocr_line' id='line_1_22' title="bbox 759 2613 778 2654; baseline 0 0"><span class='ocrx_word' id='word_1_168' title='bbox 759 2613 778 2654; x_wconf 72' lang='lat' dir='ltr'>a</span> 
     </span>
    </p>
   </div>
   <div class='ocr_carea' id='block_1_6' title="bbox 195 2720 1351 3122">
    <p class='ocr_par' dir='ltr' id='par_1_7' title="bbox 195 2720 1351 3122">
     <span class='ocr_line' id='line_1_23' title="bbox 196 2720 1351 2808; baseline -0.002 -22"><span class='ocrx_word' id='word_1_169' title='bbox 196 2723 268 2807; x_wconf 82' lang='lat'><strong>[70]</strong></span> <span class='ocrx_word' id='word_1_170' title='bbox 294 2725 422 2808; x_wconf 70' lang='lat' dir='ltr'>excepte</span> <span class='ocrx_word' id='word_1_171' title='bbox 437 2744 497 2807; x_wconf 91' lang='lat' dir='ltr'>que</span> <span class='ocrx_word' id='word_1_172' title='bbox 512 2721 628 2786; x_wconf 86' lang='lat' dir='ltr'>devant</span> <span class='ocrx_word' id='word_1_173' title='bbox 643 2721 723 2785; x_wconf 81' lang='lat' dir='ltr'>deux</span> <span class='ocrx_word' id='word_1_174' title='bbox 740 2743 796 2785; x_wconf 90' lang='lat' dir='ltr'>ans</span> <span class='ocrx_word' id='word_1_175' title='bbox 813 2721 1044 2786; x_wconf 89' lang='lat' dir='ltr'>dernicrement</span> <span class='ocrx_word' id='word_1_176' title='bbox 1058 2743 1176 2805; x_wconf 78' lang='lat' dir='ltr'>passer,</span> <span class='ocrx_word' id='word_1_177' title='bbox 1201 2720 1351 2785; x_wconf 88' lang='lat' dir='ltr'>derechef</span> 
     </span>
     <span class='ocr_line' id='line_1_24' title="bbox 195 2825 1346 2912; baseline 0 -22"><span class='ocrx_word' id='word_1_178' title='bbox 195 2825 219 2890; x_wconf 90' lang='lat' dir='ltr'>il</span> <span class='ocrx_word' id='word_1_179' title='bbox 242 2827 370 2911; x_wconf 80' lang='lat' dir='ltr'>assigna</span> <span class='ocrx_word' id='word_1_180' title='bbox 383 2827 414 2892; x_wconf 93' lang='lat' dir='ltr'>le</span> <span class='ocrx_word' id='word_1_181' title='bbox 430 2825 557 2890; x_wconf 72' lang='lat' dir='ltr'>concile</span> <span class='ocrx_word' id='word_1_182' title='bbox 572 2827 591 2889; x_wconf 73' lang='grc' dir='ltr'>ὲ</span> <span class='ocrx_word' id='word_1_183' title='bbox 606 2825 735 2902; x_wconf 81' lang='lat' dir='ltr'>Trente,</span> <span class='ocrx_word' id='word_1_184' title='bbox 758 2847 799 2888; x_wconf 90' lang='lat' dir='ltr'>au</span> <span class='ocrx_word' id='word_1_185' title='bbox 821 2828 924 2909; x_wconf 87' lang='lat' dir='ltr'>temps</span> <span class='ocrx_word' id='word_1_186' title='bbox 946 2848 1006 2909; x_wconf 93' lang='lat' dir='ltr'>que</span> <span class='ocrx_word' id='word_1_187' title='bbox 1028 2825 1229 2912; x_wconf 83' lang='lat' dir='ltr'>l&#39;Alemagne</span> <span class='ocrx_word' id='word_1_188' title='bbox 1250 2826 1346 2890; x_wconf 89' lang='lat' dir='ltr'>alloit</span> 
     </span>
     <span class='ocr_line' id='line_1_25' title="bbox 195 2929 1347 3017; baseline 0.002 -23"><span class='ocrx_word' id='word_1_189' title='bbox 195 2951 346 3014; x_wconf 83' lang='lat' dir='ltr'>avecques</span> <span class='ocrx_word' id='word_1_190' title='bbox 369 2932 504 3017; x_wconf 85' lang='lat' dir='ltr'>grandes</span> <span class='ocrx_word' id='word_1_191' title='bbox 527 2929 627 2996; x_wconf 90' lang='lat' dir='ltr'>forces</span> <span class='ocrx_word' id='word_1_192' title='bbox 651 2933 670 2993; x_wconf 76' lang='lat' dir='ltr'>a</span> <span class='ocrx_word' id='word_1_193' title='bbox 692 2930 864 2995; x_wconf 84' lang='lat' dir='ltr'>l&#39;encontre</span> <span class='ocrx_word' id='word_1_194' title='bbox 880 2931 921 2995; x_wconf 92' lang='lat' dir='ltr'>du</span> <span class='ocrx_word' id='word_1_195' title='bbox 938 2931 1036 2996; x_wconf 83' lang='lat' dir='ltr'>Ture:</span> <span class='ocrx_word' id='word_1_196' title='bbox 1060 2935 1092 2994; x_wconf 93' lang='lat' dir='ltr'>et</span> <span class='ocrx_word' id='word_1_197' title='bbox 1108 2954 1170 3015; x_wconf 90' lang='lat' dir='ltr'>que</span> <span class='ocrx_word' id='word_1_198' title='bbox 1183 2931 1216 2996; x_wconf 88' lang='lat' dir='ltr'>la</span> <span class='ocrx_word' id='word_1_199' title='bbox 1230 2951 1347 3017; x_wconf 82' lang='lat' dir='ltr'>guerre</span> 
     </span>
     <span class='ocr_line' id='line_1_26' title="bbox 195 3032 1343 3122; baseline 0.002 -24"><span class='ocrx_word' id='word_1_200' title='bbox 195 3035 416 3101; x_wconf 88' lang='lat' dir='ltr'>s&#39;enflammoit</span> <span class='ocrx_word' id='word_1_201' title='bbox 437 3037 475 3100; x_wconf 91' lang='lat' dir='ltr'>de</span> <span class='ocrx_word' id='word_1_202' title='bbox 497 3055 640 3099; x_wconf 86' lang='lat' dir='ltr'>nouveau</span> <span class='ocrx_word' id='word_1_203' title='bbox 662 3037 751 3098; x_wconf 87' lang='lat' dir='ltr'>entre</span> <span class='ocrx_word' id='word_1_204' title='bbox 769 3032 967 3119; x_wconf 82' lang='lat' dir='ltr'>l’Empereur</span> <span class='ocrx_word' id='word_1_205' title='bbox 982 3038 1013 3100; x_wconf 89' lang='lat' dir='ltr'>et</span> <span class='ocrx_word' id='word_1_206' title='bbox 1027 3035 1058 3100; x_wconf 90' lang='lat' dir='ltr'>le</span> <span class='ocrx_word' id='word_1_207' title='bbox 1073 3036 1144 3122; x_wconf 87' lang='lat' dir='ltr'>Roy</span> <span class='ocrx_word' id='word_1_208' title='bbox 1160 3037 1197 3102; x_wconf 90' lang='lat' dir='ltr'>de</span> <span class='ocrx_word' id='word_1_209' title='bbox 1212 3035 1343 3102; x_wconf 83' lang='lat' dir='ltr'>France.</span> 
     </span>
    </p>
   </div>
   <div class='ocr_carea' id='block_1_7' title="bbox 760 3171 779 3212">
    <p class='ocr_par' dir='ltr' id='par_1_8' title="bbox 760 3171 779 3212">
     <span class='ocr_line' id='line_1_27' title="bbox 760 3171 779 3212; baseline 0 0"><span class='ocrx_word' id='word_1_210' title='bbox 760 3171 779 3212; x_wconf 78' lang='grc'>*</span> 
     </span>
    </p>
   </div>
   <div class='ocr_carea' id='block_1_8' title="bbox 194 3278 1350 3680">
    <p class='ocr_par' dir='ltr' id='par_1_9' title="bbox 194 3278 1350 3680">
     <span class='ocr_line' id='line_1_28' title="bbox 197 3278 1348 3364; baseline 0.002 -20"><span class='ocrx_word' id='word_1_211' title='bbox 197 3280 292 3362; x_wconf 90' lang='grc'>[188]</span> <span class='ocrx_word' id='word_1_212' title='bbox 315 3279 395 3344; x_wconf 91' lang='lat' dir='ltr'>Pero</span> <span class='ocrx_word' id='word_1_213' title='bbox 418 3300 515 3364; x_wconf 80' lang='lat' dir='ltr'>agore</span> <span class='ocrx_word' id='word_1_214' title='bbox 536 3279 575 3342; x_wconf 93' lang='lat' dir='ltr'>de</span> <span class='ocrx_word' id='word_1_215' title='bbox 597 3300 699 3343; x_wconf 82' lang='lat' dir='ltr'>nueuo</span> <span class='ocrx_word' id='word_1_216' title='bbox 715 3300 791 3343; x_wconf 83' lang='lat' dir='ltr'>aura</span> <span class='ocrx_word' id='word_1_217' title='bbox 805 3299 882 3362; x_wconf 90' lang='lat' dir='ltr'>poco</span> <span class='ocrx_word' id='word_1_218' title='bbox 895 3300 962 3344; x_wconf 86' lang='lat' dir='ltr'>mas</span> <span class='ocrx_word' id='word_1_219' title='bbox 978 3278 1015 3343; x_wconf 94' lang='lat' dir='ltr'>de</span> <span class='ocrx_word' id='word_1_220' title='bbox 1032 3279 1088 3344; x_wconf 87' lang='lat' dir='ltr'>dos</span> <span class='ocrx_word' id='word_1_221' title='bbox 1103 3288 1189 3359; x_wconf 76' lang='lat' dir='ltr'>afros,</span> <span class='ocrx_word' id='word_1_222' title='bbox 1214 3280 1348 3346; x_wconf 82' lang='lat' dir='ltr'>astando</span> 
     </span>
     <span class='ocr_line' id='line_1_29' title="bbox 194 3383 1348 3470; baseline 0.002 -22"><span class='ocrx_word' id='word_1_223' title='bbox 194 3385 270 3449; x_wconf 88' lang='lat' dir='ltr'>toda</span> <span class='ocrx_word' id='word_1_224' title='bbox 290 3385 458 3450; x_wconf 86' lang='lat' dir='ltr'>Alemania</span> <span class='ocrx_word' id='word_1_225' title='bbox 480 3407 518 3449; x_wconf 88' lang='lat' dir='ltr'>en</span> <span class='ocrx_word' id='word_1_226' title='bbox 543 3405 646 3450; x_wconf 87' lang='lat' dir='ltr'>annas</span> <span class='ocrx_word' id='word_1_227' title='bbox 670 3388 781 3448; x_wconf 88' lang='lat' dir='ltr'>contra</span> <span class='ocrx_word' id='word_1_228' title='bbox 803 3383 831 3446; x_wconf 92' lang='lat' dir='ltr'>el</span> <span class='ocrx_word' id='word_1_229' title='bbox 855 3383 968 3462; x_wconf 82' lang='lat' dir='ltr'>Turco,</span> <span class='ocrx_word' id='word_1_230' title='bbox 992 3384 1155 3450; x_wconf 89' lang='lat' dir='ltr'>creciendo</span> <span class='ocrx_word' id='word_1_231' title='bbox 1177 3407 1237 3470; x_wconf 87' lang='lat' dir='ltr'>ya,</span> <span class='ocrx_word' id='word_1_232' title='bbox 1261 3408 1283 3469; x_wconf 81' lang='lat' dir='ltr'><strong>y</strong></span> <span class='ocrx_word' id='word_1_233' title='bbox 1303 3407 1348 3450; x_wconf 90' lang='lat' dir='ltr'>no</span> 
     </span>
     <span class='ocr_line' id='line_1_30' title="bbox 194 3489 1350 3574; baseline 0.001 -21"><span class='ocrx_word' id='word_1_234' title='bbox 194 3490 308 3554; x_wconf 91' lang='lat' dir='ltr'>mucho</span> <span class='ocrx_word' id='word_1_235' title='bbox 332 3490 462 3574; x_wconf 81' lang='lat' dir='ltr'>despuas</span> <span class='ocrx_word' id='word_1_236' title='bbox 484 3489 719 3573; x_wconf 87' lang='lat' dir='ltr'>rompiendosse</span> <span class='ocrx_word' id='word_1_237' title='bbox 742 3511 844 3554; x_wconf 85' lang='lat' dir='ltr'>nueva</span> <span class='ocrx_word' id='word_1_238' title='bbox 866 3509 981 3573; x_wconf 79' lang='lat' dir='ltr'>guerra</span> <span class='ocrx_word' id='word_1_239' title='bbox 1003 3497 1092 3554; x_wconf 91' lang='lat' dir='ltr'>entre</span> <span class='ocrx_word' id='word_1_240' title='bbox 1108 3490 1137 3555; x_wconf 89' lang='lat' dir='ltr'>el</span> <span class='ocrx_word' id='word_1_241' title='bbox 1153 3489 1350 3573; x_wconf 82' lang='lat' dir='ltr'>Emperador</span> 
     </span>
     <span class='ocr_line' id='line_1_31' title="bbox 194 3594 1350 3680; baseline -0.003 -19"><span class='ocrx_word' id='word_1_242' title='bbox 194 3595 269 3680; x_wconf 82' lang='lat' dir='ltr'>yel</span> <span class='ocrx_word' id='word_1_243' title='bbox 291 3617 346 3680; x_wconf 86' lang='lat' dir='ltr'>rey</span> <span class='ocrx_word' id='word_1_244' title='bbox 370 3597 407 3660; x_wconf 92' lang='lat' dir='ltr'>de</span> <span class='ocrx_word' id='word_1_245' title='bbox 428 3594 580 3672; x_wconf 83' lang='lat' dir='ltr'>Francia,</span> <span class='ocrx_word' id='word_1_246' title='bbox 614 3594 654 3657; x_wconf 89' lang='lat' dir='ltr'>he</span> <span class='ocrx_word' id='word_1_247' title='bbox 677 3615 711 3658; x_wconf 90' lang='lat' dir='ltr'>os</span> <span class='ocrx_word' id='word_1_248' title='bbox 735 3595 765 3658; x_wconf 94' lang='lat' dir='ltr'>lo</span> <span class='ocrx_word' id='word_1_249' title='bbox 788 3595 862 3677; x_wconf 89' lang='lat' dir='ltr'>aqui</span> <span class='ocrx_word' id='word_1_250' title='bbox 891 3594 993 3658; x_wconf 89' lang='lat' dir='ltr'>dende</span> <span class='ocrx_word' id='word_1_251' title='bbox 1024 3616 1161 3660; x_wconf 85' lang='lat' dir='ltr'>convoca</span> <span class='ocrx_word' id='word_1_252' title='bbox 1191 3599 1262 3658; x_wconf 90' lang='lat' dir='ltr'>otra</span> <span class='ocrx_word' id='word_1_253' title='bbox 1292 3613 1350 3658; x_wconf 79' lang='lat' dir='ltr'>rea</span> 
     </span>
    </p>
   </div>
   <div class='ocr_carea' id='block_1_9' title="bbox 761 3730 780 3771">
    <p class='ocr_par' dir='ltr' id='par_1_10' title="bbox 761 3730 780 3771">
     <span class='ocr_line' id='line_1_32' title="bbox 761 3730 780 3771; baseline 0 -9"><span class='ocrx_word' id='word_1_254' title='bbox 761 3730 780 3771; x_wconf 68' lang='lat' dir='ltr'>aa</span> 
     </span>
    </p>
   </div>
   <div class='ocr_carea' id='block_1_10' title="bbox 194 3836 1350 4240">
    <p class='ocr_par' dir='ltr' id='par_1_11' title="bbox 194 3836 1350 4240">
     <span class='ocr_line' id='line_1_33' title="bbox 195 3836 1349 3924; baseline 0 -21"><span class='ocrx_word' id='word_1_255' title='bbox 195 3860 278 3924; x_wconf 84' lang='lat' dir='ltr'>mag.</span> <span class='ocrx_word' id='word_1_256' title='bbox 325 3837 430 3902; x_wconf 90' lang='lat' dir='ltr'>Wenn</span> <span class='ocrx_word' id='word_1_257' title='bbox 455 3837 507 3901; x_wconf 91' lang='lat' dir='ltr'>ihr</span> <span class='ocrx_word' id='word_1_258' title='bbox 528 3836 625 3902; x_wconf 92' lang='lat' dir='ltr'>allein</span> <span class='ocrx_word' id='word_1_259' title='bbox 655 3837 710 3900; x_wconf 88' lang='lat' dir='ltr'>das</span> <span class='ocrx_word' id='word_1_260' title='bbox 741 3837 867 3902; x_wconf 80' lang='lat' dir='ltr'>wdrtlin</span> <span class='ocrx_word' id='word_1_261' title='bbox 892 3837 1112 3903; x_wconf 87' lang='lat' dir='ltr'>Reformation</span> <span class='ocrx_word' id='word_1_262' title='bbox 1144 3839 1279 3916; x_wconf 70' lang='lat' dir='ltr'>horeat,</span> <span class='ocrx_word' id='word_1_263' title='bbox 1311 3859 1349 3903; x_wconf 87' lang='lat' dir='ltr'>so</span> 
     </span>
     <span class='ocr_line' id='line_1_34' title="bbox 195 3938 1350 4028; baseline 0 -20"><span class='ocrx_word' id='word_1_264' title='bbox 195 3938 387 4026; x_wconf 81' lang='lat' dir='ltr'>dberkompt</span> <span class='ocrx_word' id='word_1_265' title='bbox 407 3942 460 4006; x_wconf 89' lang='lat' dir='ltr'>ihr</span> <span class='ocrx_word' id='word_1_266' title='bbox 483 3941 649 4027; x_wconf 82' lang='lat' dir='ltr'>gewilllich</span> <span class='ocrx_word' id='word_1_267' title='bbox 673 3942 725 4006; x_wconf 92' lang='lat' dir='ltr'>ein</span> <span class='ocrx_word' id='word_1_268' title='bbox 747 3941 853 4020; x_wconf 86' lang='lat' dir='ltr'>faber,</span> <span class='ocrx_word' id='word_1_269' title='bbox 877 3965 910 4006; x_wconf 88' lang='lat' dir='ltr'>es</span> <span class='ocrx_word' id='word_1_270' title='bbox 933 3942 1028 4028; x_wconf 85' lang='lat' dir='ltr'>gehet</span> <span class='ocrx_word' id='word_1_271' title='bbox 1050 3942 1130 4008; x_wconf 91' lang='lat' dir='ltr'>euch</span> <span class='ocrx_word' id='word_1_272' title='bbox 1151 3944 1202 4007; x_wconf 91' lang='lat' dir='ltr'>nit</span> <span class='ocrx_word' id='word_1_273' title='bbox 1225 3941 1284 4008; x_wconf 85' lang='lat' dir='ltr'>wel</span> <span class='ocrx_word' id='word_1_274' title='bbox 1306 3946 1350 4008; x_wconf 82' lang='lat' dir='ltr'>ad</span> 
     </span>
     <span class='ocr_line' id='line_1_35' title="bbox 195 4045 1349 4132; baseline 0.001 -21"><span class='ocrx_word' id='word_1_275' title='bbox 195 4047 310 4124; x_wconf 89' lang='lat' dir='ltr'>ohren,</span> <span class='ocrx_word' id='word_1_276' title='bbox 335 4047 398 4111; x_wconf 93' lang='lat' dir='ltr'>und</span> <span class='ocrx_word' id='word_1_277' title='bbox 421 4048 596 4131; x_wconf 86' lang='lat' dir='ltr'>gedencket</span> <span class='ocrx_word' id='word_1_278' title='bbox 619 4045 800 4126; x_wconf 83' lang='lat' dir='ltr'>onnwcifel,</span> <span class='ocrx_word' id='word_1_279' title='bbox 832 4046 900 4112; x_wconf 84' lang='lat' dir='ltr'>Hat</span> <span class='ocrx_word' id='word_1_280' title='bbox 921 4070 996 4112; x_wconf 88' lang='lat' dir='ltr'>man</span> <span class='ocrx_word' id='word_1_281' title='bbox 1018 4070 1076 4112; x_wconf 86' lang='lat' dir='ltr'>vor</span> <span class='ocrx_word' id='word_1_282' title='bbox 1097 4047 1237 4113; x_wconf 90' lang='lat' dir='ltr'>hundert</span> <span class='ocrx_word' id='word_1_283' title='bbox 1255 4048 1349 4132; x_wconf 88' lang='lat' dir='ltr'>jaren</span> 
     </span>
     <span class='ocr_line' id='line_1_36' title="bbox 194 4151 1349 4240; baseline 0 -24"><span class='ocrx_word' id='word_1_284' title='bbox 194 4153 255 4236; x_wconf 86' lang='lat' dir='ltr'>bey</span> <span class='ocrx_word' id='word_1_285' title='bbox 277 4151 387 4216; x_wconf 84' lang='lat' dir='ltr'>Keiser</span> <span class='ocrx_word' id='word_1_286' title='bbox 410 4151 586 4240; x_wconf 85' lang='lat' dir='ltr'>Sigmund,</span> <span class='ocrx_word' id='word_1_287' title='bbox 619 4174 678 4216; x_wconf 91' lang='lat' dir='ltr'>uns</span> <span class='ocrx_word' id='word_1_288' title='bbox 712 4152 825 4217; x_wconf 78' lang='lat' dir='ltr'>wdllen</span> <span class='ocrx_word' id='word_1_289' title='bbox 855 4152 1055 4218; x_wconf 86' lang='lat' dir='ltr'>Reformiren</span> <span class='ocrx_word' id='word_1_290' title='bbox 1087 4154 1151 4218; x_wconf 93' lang='lat' dir='ltr'>und</span> <span class='ocrx_word' id='word_1_291' title='bbox 1185 4152 1349 4232; x_wconf 88' lang='lat' dir='ltr'>meistern,</span> 
     </span>
    </p>
   </div>
   <div class='ocr_carea' id='block_1_11' title="bbox 195 4251 1350 4444">
    <p class='ocr_par' dir='ltr' id='par_1_12' title="bbox 195 4251 1350 4444">
     <span class='ocr_line' id='line_1_37' title="bbox 195 4251 1350 4341; baseline 0.003 -21"><span class='ocrx_word' id='word_1_292' title='bbox 195 4278 259 4320; x_wconf 87' lang='lat' dir='ltr'>uas</span> <span class='ocrx_word' id='word_1_293' title='bbox 282 4256 381 4320; x_wconf 87' lang='lat' dir='ltr'>sollen</span> <span class='ocrx_word' id='word_1_294' title='bbox 403 4256 462 4320; x_wconf 86' lang='lat' dir='ltr'>wir</span> <span class='ocrx_word' id='word_1_295' title='bbox 484 4261 555 4341; x_wconf 83' lang='lat' dir='ltr'>yctn</span> <span class='ocrx_word' id='word_1_296' title='bbox 579 4256 637 4320; x_wconf 86' lang='lat' dir='ltr'>uel</span> <span class='ocrx_word' id='word_1_297' title='bbox 660 4251 787 4320; x_wconf 69' lang='lat' dir='ltr'>missen</span> <span class='ocrx_word' id='word_1_298' title='bbox 810 4259 993 4322; x_wconf 82' lang='lat' dir='ltr'>erwarten?</span> <span class='ocrx_word' id='word_1_299' title='bbox 1038 4255 1080 4322; x_wconf 82' lang='lat' dir='ltr'>Es</span> <span class='ocrx_word' id='word_1_300' title='bbox 1103 4257 1145 4322; x_wconf 92' lang='lat' dir='ltr'>ist</span> <span class='ocrx_word' id='word_1_301' title='bbox 1167 4257 1290 4336; x_wconf 90' lang='lat' dir='ltr'>besser,</span> <span class='ocrx_word' id='word_1_302' title='bbox 1315 4278 1350 4324; x_wconf 84' lang='lat' dir='ltr'>es</span> 
     </span>
     <span class='ocr_line' id='line_1_38' title="bbox 195 4360 703 4444; baseline -0.002 -19"><span class='ocrx_word' id='word_1_303' title='bbox 195 4360 281 4426; x_wconf 90' lang='lat' dir='ltr'>bleib</span> <span class='ocrx_word' id='word_1_304' title='bbox 303 4361 379 4440; x_wconf 87' lang='lat' dir='ltr'>also,</span> <span class='ocrx_word' id='word_1_305' title='bbox 402 4361 461 4426; x_wconf 85' lang='lat' dir='ltr'>wic</span> <span class='ocrx_word' id='word_1_306' title='bbox 484 4361 537 4427; x_wconf 89' lang='lat' dir='ltr'>biss</span> <span class='ocrx_word' id='word_1_307' title='bbox 560 4360 703 4444; x_wconf 86' lang='lat' dir='ltr'>anher.†</span> 
     </span>
    </p>
   </div>
   <div class='ocr_carea' id='block_1_12' title="bbox 0 0 1535 4946">
    <p class='ocr_par' dir='ltr' id='par_1_13' title="bbox 0 0 1535 4946">
     <span class='ocr_line' id='line_1_39' title="bbox 0 0 1535 4946; baseline 0 0"><span class='ocrx_word' id='word_1_308' title='bbox 0 0 1535 4946; x_wconf 95' lang='lat' dir='ltr'> </span> 
     </span>
    </p>
   </div>
  </div>
 </body>
</html>
