3146 4962
683 355 746 416 275

138 531 241 592 serem
263 531 296 590 et
317 527 426 590 videns
449 547 573 591 movere
595 527 787 590 testudinem
810 527 843 591 id
860 532 908 590 est
923 528 1119 611 galandram,
1141 530 1285 613 deposuit

138 653 172 694 ae
194 652 288 714 super
311 632 412 715 ipsam
435 632 617 715 accepitque
639 633 671 695 in
688 633 829 715 pedibus.
863 633 907 696 At
923 632 978 696 illa
994 635 1127 698 retraxit
1142 635 1236 718 pedes
1252 642 1284 698 et

137 734 254 800 collum
266 736 300 799 iu
313 735 461 800 concham
472 737 527 815 ita,
538 738 620 821 quod
637 737 724 802 nullo
736 739 827 804 modo
838 745 962 822 poterat
977 741 1015 803 de
1030 741 1098 824 ipsa
1113 741 1283 819 comedere,

138 839 201 904 nisi
224 841 349 924 quando
372 841 506 908 volebat.
551 841 611 908 Sed
634 843 776 927 quaedam
799 846 890 909 ornix
914 844 973 909 hoc
996 845 1103 908 videns
1127 846 1188 911 ait:
1210 847 1286 910 licet

110 963 122 999 ⁵
140 946 184 1009 sis
206 949 319 1030 potens
342 951 375 1011 et
395 969 451 1012 rex
468 949 583 1025 avium,
608 949 710 1014 nescis
726 955 832 1014 tamen
849 951 974 1027 omnia3
998 951 1069 1014 audi
1087 973 1192 1015 secure
1207 974 1284 1017 con·

136 1049 244 1114 silium
267 1073 391 1130 meum,
416 1053 498 1136 quod
521 1053 661 1138 geritis
686 1054 854 1131 concham,
888 1056 977 1119 valde
1001 1056 1101 1119 bonus
1124 1057 1213 1120 cibus
1237 1063 1285 1120 est

137 1175 195 1239 pro
217 1159 259 1234 te,
282 1155 395 1242 frange
416 1157 567 1222 concham
590 1158 756 1224 deferendo
780 1161 812 1223 iu
836 1160 947 1225 altum.
994 1159 1046 1224 Sic
1079 1160 1154 1226 fecit
1178 1167 1209 1226 et
1232 1183 1284 1226 co-
1385 1163 1389 1170 '

137 1260 237 1325 medit
258 1282 330 1356 curn
352 1262 525 1330 dulcedine.

362 1435 418 1501 ue
440 1395 673 1524 reptilibus
696 1438 863 1516 muisis,
888 1440 960 1504 erar.
986 1441 1060 1506 120.

95 1599 123 1646 ιο
226 1576 366 1660 Raptilia
388 1577 490 1640 multa
512 1599 605 1660 super
628 1577 757 1640 humum
793 1577 888 1640 simul
919 1579 1149 1644 solatiabantur
1172 1583 1209 1646 ad
1234 1605 1283 1646 so·

138 1685 210 1764 lem,
233 1683 284 1746 sed
307 1682 481 1761 basiliscus,
505 1683 537 1747 id
561 1688 755 1774 estserpeus
779 1705 963 1762 venenosus,
988 1689 1023 1747 ut
1046 1707 1141 1768 supra
1164 1687 1283 1751 dicturo

138 1793 187 1852 est
209 1788 242 1852 in
266 1786 505 1872 dyalogoXLI.,
530 1789 563 1852 in
576 1788 712 1852 medium
732 1789 871 1853 exsilivit
893 1791 1049 1854 clamans:
1074 1791 1144 1874 quis
1168 1793 1200 1855 in
1226 1793 1282 1856 du·
1306 1789 1314 1814 l

137 1894 200 1958 ello
222 1914 344 1958 mecum
368 1892 461 1956 salire
476 1897 632 1977 peroptat,
647 1894 755 1957 veniat
770 1897 802 1956 et
817 1895 966 1979 pugnabo
982 1917 1051 1959 cum
1068 1918 1113 1960 eo.
1146 1895 1283 1963 Testudo

138 2003 245 2064 autern
274 1999 307 2062 in
339 1998 441 2062 medio
471 1999 621 2082 processit
651 2019 722 2063 cum
745 2000 814 2082 ipso
837 2006 1026 2084 pugnatura.
1073 2001 1154 2064 Dum
1178 2007 1282 2067 autem

96 2133 124 2172 1⁶
138 2106 233 2170 simul
255 2108 445 2189 pugnarent,
469 2104 633 2168 basiliscus
655 2104 802 2187 cupiebat
824 2125 892 2167 eam
917 2106 1058 2168 mordere
1080 2110 1112 2170 et
1135 2108 1283 2186 toxicare,

139 2211 192 2276 sed
215 2210 339 2274 testudo
361 2207 511 2274 trahebat
532 2214 565 2273 et
587 2213 684 2293 caput
705 2215 737 2274 et
760 2209 854 2292 pedes
879 2211 912 2272 iu
936 2209 1097 2287 concham,
1120 2214 1202 2296 quod
1219 2237 1283 2279 non

139 2321 263 2402 poterat
294 2337 363 2381 earn
393 2322 532 2400 tangere.
579 2315 694 2379 Postea
728 2337 800 2379 vero
829 2315 1016 2380 extrahebat
1041 2321 1073 2379 et
1101 2317 1283 2383 basiliscum

139 2446 211 2488 cum
233 2421 378 2487 dentibus
401 2424 434 2485 et
456 2421 585 2506 ungulis
608 2421 779 2485 aculeabat.
816 2417 867 2484 Sic
893 2421 994 2484 victus
1010 2423 1124 2506 anguis
1147 2423 1283 2502 erubuit,

7 2555 14 2576 ι
139 2529 301 2614 paululum
324 2532 397 2610 post
419 2527 521 2590 denuo
544 2547 577 2588 se
592 2524 777 2591 fortificavit
792 2524 942 2589 etrolens
965 2547 997 2588 se
1020 2546 1175 2605 excusare,
1200 2529 1283 2612 quod

16 2661 27 2676 =
97 2656 125 2694 so
139 2639 208 2698 erat
229 2634 365 2716 turpiter
378 2633 490 2708 usus,
513 2632 576 2696 ait:
600 2633 732 2697 volume
748 2633 915 2708 vindicare,
932 2631 959 2694 si
982 2639 1030 2694 est
1052 2632 1201 2698 intervos
1223 2635 1283 2698 ali-

139 2739 208 2824 quis
231 2739 403 2823 proeliator,
429 2738 535 2802 veniat
556 2737 594 2802 sd
618 2759 667 2801 me
690 2741 722 2801 et
744 2738 846 2820 ipsum
870 2736 994 2821 fugabo.
1030 2735 1154 2800 Ericius
1178 2742 1283 2803 autem

138 2847 283 2931 spinosus
305 2845 364 2910 hoc
386 2844 517 2909 audiens
540 2847 679 2908 armatus
695 2843 732 2906 ad
754 2843 871 2906 bellum
887 2841 1047 2924 processit.
1082 2840 1158 2905 Cum
1176 2848 1280 2907 autern

138 2973 266 3036 serpens
288 2971 359 3016 eum
382 2950 510 3026 rideret,
534 2969 604 3012 cum
621 2945 726 3012 furore
737 2948 875 3010 maximo
891 2945 1076 3030 aggreditur
1092 2967 1185 3030 super
1201 2969 1282 3026 eum,

139 3057 251 3122 ericius
275 3077 346 3120 vero
369 3076 403 3118 se
423 3052 628 3120 corroborans
650 3051 735 3115 acuit
758 3072 878 3134 pennas
909 3071 982 3113 suas
1006 3055 1038 3114 et
1060 3051 1092 3113 in
1117 3052 1186 3134 ipso
1210 3052 1283 3116 fixit

99 3167 172 3227 aar
199 3183 299 3245 usque
328 3159 368 3224 ad
397 3158 583 3242 sanguinem
613 3156 799 3221 vulneravit.
847 3155 1015 3219 Basiliscus
1047 3156 1172 3239 quidem
1208 3179 1283 3220 oon-

138 3267 228 3332 fusus
250 3286 382 3332 moerore
405 3264 495 3348 quasi
517 3263 689 3328 deficiebat.
714 3261 840 3325 Interea
855 3253 932 3324 rana
948 3261 1007 3323 hoc
1023 3259 1131 3323 ridens
1153 3261 1283 3346 cupiens

138 3395 170 3438 se
192 3373 351 3437 vindicare
374 3371 411 3434 de
432 3372 587 3452 serpente,
610 3389 705 3451 super
727 3369 831 3451 ipsum
854 3367 1011 3441 ascendIt,
1048 3365 1154 3429 volens
1177 3367 1281 3450 ipsum

138 3479 346 3563 exstinguere.
392 3475 517 3560 Anguis
539 3475 647 3557 itaque
670 3475 797 3537 intuens
821 3494 942 3548 ranam,
966 3471 1040 3534 dum
1064 3470 1217 3556 fatigatus
1249 3475 1281 3535 et

139 3582 301 3647 famelicus
323 3580 499 3657 exsisteret,
534 3601 566 3642 se
593 3600 688 3662 quam
720 3578 892 3660 plurimum
917 3575 1131 3640 corroboravit
1154 3581 1186 3640 et
1213 3597 1282 3639 eam

99 3704 126 3741 ³⁰
140 3687 224 3772 cepit
245 3691 278 3752 et
299 3686 469 3771 deglutivit
490 3684 611 3748 dicens:
643 3683 723 3747 male
746 3685 885 3766 pugnat,
919 3682 973 3764 qui
996 3685 1125 3765 paratus
1149 3701 1212 3744 non
1236 3685 1284 3744 est

140 3813 198 3858 neo
219 3792 298 3857 bene
320 3794 468 3856 armatus.
499 3789 536 3852 ln
550 3789 759 3864 hocnotatur,
785 3786 878 3870 quod,
902 3807 972 3848 curn
997 3786 1152 3848 cernimus
1175 3784 1283 3848 iuimi-

140 3919 191 3963 cos
213 3901 338 3962 nostros
360 3896 505 3961 fortiores
528 3894 764 3978 aliquantulum
787 3892 1015 3976 suppeditatos,
1045 3912 1107 3954 non
1137 3889 1283 3953 debemus

139 4003 271 4088 aggredi
293 4024 386 4085 super
404 4023 476 4079 eos,
512 4001 565 4064 sed
588 4000 790 4085 supersedere
807 4020 848 4087 ¹ac
872 3998 974 4062 videre
1004 3996 1099 4059 tinem
1123 3995 1178 4060 rei.
1228 3995 1285 4057 Ait

140 4109 223 4173 enim
246 4107 379 4175 Seneca:
402 4107 566 4172 inimicum
590 4105 734 4190 quamvis
757 4103 910 4168 humilem
941 4102 1025 4165 docti
1057 4105 1104 4164 est
1134 4105 1281 4164 metuere.

100 4225 126 4264 ³⁶
140 4211 225 4302 Ergo
242 4214 326 4279 enirn
342 4214 444 4278 laetari
460 4235 523 4278 non
540 4213 688 4277 debemus
704 4211 741 4275 de
754 4209 875 4274 inimici
888 4209 1030 4285 interitu,
1048 4229 1089 4270 ne
1097 4207 1179 4270 forte
1190 4227 1285 4287 super

142 4343 199 4386 nos
221 4320 351 4386 veniant
373 4321 498 4386 sinrilia.
531 4319 621 4385 Unde
644 4317 736 4384 Prov.
762 4315 890 4381 XXIII:
914 4337 984 4380 cum
1008 4312 1155 4377 ceciderit
1176 4311 1283 4375 iuinli-

141 4447 196 4491 cus
218 4431 310 4506 luus,
334 4426 399 4492 noli
418 4425 574 4510 gratulari
598 4445 654 4488 nec
677 4423 793 4488 laeteris
817 4442 911 4506 super
932 4417 1219 4561 inimicissinteritu,
1244 4439 1284 4482 ne

1011 4527 1049 4590 18
