3058 4946
659 201 675 228 ⁰
741 266 801 332 ma

194 437 318 505 interea
339 462 463 526 magnae
485 440 568 506 fiunt
589 441 781 506 accessiones
803 441 842 506 ad
865 441 945 520 illos,
970 447 1002 507 et
1020 443 1120 525 tvos,
1146 447 1183 508 ut
1204 447 1253 510 est
1275 465 1346 509 cre-

193 544 300 622 dibile,
324 546 465 610 nondum
488 546 563 611 estis
587 546 625 610 ad
648 545 814 610 concilium
839 545 998 611 instructi.

281 648 313 714 Si
338 651 455 714 nostris
478 649 511 714 in
535 650 652 714 finibus
674 655 765 727 esset,
789 654 826 714 ut
841 672 938 734 supra
953 650 1099 732 diximus,
1122 651 1347 718 cardinalicius

194 753 249 819 ille
269 760 412 834 senatun,
444 759 475 820 et
505 757 539 820 in
566 755 783 840 impurissima
806 755 873 820 vita
895 755 957 819 sibi
978 759 1104 820 tantam
1126 762 1264 822 sumeret
1286 779 1348 842 po-

194 863 351 938 testatem,
376 861 549 926 rectissime
572 863 718 943 possent,
742 863 778 923 ut
799 859 880 924 mihi
903 861 1030 944 quidem
1051 861 1186 940 videtur,
1209 863 1247 926 ad
1271 883 1348 927 eum

194 965 341 1043 modum,
372 967 455 1031 sicut
483 964 702 1049 exposuimus,
738 964 944 1048 interpellari.
998 964 1077 1030 Duae
1110 971 1185 1032 sunt
1214 967 1347 1032 omniuo

194 1090 304 1146 causae,
327 1090 383 1133 cur
406 1070 570 1134 adversum
594 1073 748 1153 tyrannos
770 1069 968 1133 concitentur
991 1069 1150 1148 homines,
1180 1071 1288 1136 odium
1312 1077 1349 1136 et

195 1177 406 1258 contemptus
456 1173 541 1240 Num
564 1195 669 1238 amare
692 1193 784 1236 nemo
808 1177 913 1257 potest
935 1174 1007 1238 illos
1031 1178 1161 1260 propter
1183 1177 1347 1242 vafritiem

196 1283 228 1346 et
251 1279 479 1344 crudelitatem.
525 1277 559 1343 Si
581 1283 734 1361 praeterea
756 1277 822 1342 sint
853 1279 1063 1362 voluptuarii,
1093 1283 1345 1347 contemnuntur

194 1384 302 1462 etiam,
325 1382 408 1467 quod
430 1382 653 1467 Sardanapalo,
677 1383 761 1466 quod
784 1382 877 1448 alteri
901 1382 1053 1469 Dionysio
1077 1385 1249 1472 multisque
1271 1375 1348 1454 aliis

194 1489 340 1575 contigit.
373 1488 411 1552 In
427 1488 486 1553 hoc
508 1493 612 1554 autem
637 1491 749 1552 senatu
772 1492 963 1554 concurrunt
980 1490 1080 1554 ambae
1095 1513 1205 1556 canam.
1237 1491 1348 1576 Rapa-

194 1594 324 1658 citatcm
353 1594 495 1679 ipsorum
528 1593 600 1677 plus
629 1614 725 1674 quam
747 1591 917 1658 Verrinam
951 1597 1074 1679 experti
1097 1618 1214 1662 sumus.
1260 1598 1348 1662 Mol-

194 1697 297 1763 litiem
320 1703 426 1764 autem
448 1705 481 1764 et
502 1698 697 1781 voluptates,
728 1703 760 1763 ct
790 1720 826 1764 ea
855 1721 924 1783 quae
953 1701 1022 1765 sino
1045 1700 1164 1784 pudore
1187 1703 1349 1767 nominari

194 1825 258 1868 uon
282 1808 431 1887 possunt,
465 1827 506 1868 an
530 1803 645 1886 aliquis
677 1803 826 1887 ignorat?
871 1803 913 1868 Et
944 1827 1123 1887 quanquam
1156 1803 1222 1871 haec
1244 1807 1289 1871 ita
1310 1831 1349 1871 se

193 1907 322 1987 habent,
345 1912 461 1987 tamen,
485 1909 559 1994 quia
581 1911 656 1972 sunt
678 1909 843 1993 aliquanto
866 1910 1065 1987 remotiores,
1100 1933 1157 1976 nec
1187 1912 1219 1976 in
1245 1913 1348 1978 oculis

761 2031 777 2068 ’l‘

193 2118 255 2182 neit
276 2118 401 2184 werden
424 2119 469 2182 sie
491 2119 628 2184 imerdar
648 2121 811 2197 adnomen,
836 2119 927 2184 du‘eil
951 2121 980 2184 ir
996 2125 1074 2184 adm
1098 2120 1240 2186 Concilio
1263 2123 1347 2188 noch

194 2223 244 2288 nit
266 2223 365 2309 fertig
388 2224 487 2303 scind,
511 2225 570 2289 wic
596 2224 766 2309 gleublich.

281 2329 353 2413 [77]
377 2328 481 2394 Weun
504 2329 549 2393 sie
571 2330 622 2396 bei
645 2352 705 2394 uus
722 2335 838 2408 wltren,
861 2351 919 2415 sag
941 2328 1004 2408 ich,
1029 2331 1254 2416 gegenwertig,
1278 2333 1349 2396 und

192 2433 243 2498 cin
266 2434 355 2500 solch
378 2435 469 2500 leben
492 2429 627 2512 fhreton,
651 2435 710 2498 wie
732 2434 777 2498 sle
799 2435 884 2499 dann
908 2434 1000 2513 thuu,
1023 2432 1082 2497 huc
1104 2457 1178 2499 man
1197 2437 1255 2520 ja¹
1277 2438 1350 2502 aull'

192 2537 258 2602 dise
281 2539 359 2603 weill
382 2539 443 2604 mit
457 2540 531 2603 inen
548 2543 587 2636 zu
602 2539 812 2617 conversiren
829 2537 901 2604 wo²
917 2539 962 2604 sic
978 2539 1053 2603 inen
1069 2539 1196 2604 solchen
1211 2562 1348 2626 grossen

192 2643 309 2728 gewalt
331 2645 459 2708 wurden
483 2666 658 2723 anmassen,
685 2642 759 2729 ⁸ytz
783 2645 867 2724 aber,
891 2667 926 2709 so
949 2645 995 2708 sio
1018 2647 1114 2708 etwas
1133 2645 1256 2710 weiters
1279 2667 1347 2710 ron

191 2769 251 2810 uns
275 2747 382 2825 scind,
405 2749 483 2813 weill
518 2750 567 2813 nit
590 2772 653 2814 was
675 2772 749 2820 man
771 2772 828 2813 vor
850 2750 1061 2836 imagination
1084 2749 1190 2814 hattl.
1237 2751 1348 2816 chn

192 2851 237 2915 sie
259 2852 293 2914 in
316 2851 449 2932 Indien,
483 2853 548 2918 und
571 2854 606 2917 in
630 2853 767 2918 Pr'iester
789 2853 910 2918 Johans
933 2854 1009 2917 land
1033 2853 1101 2917 iren
1125 2853 1196 2920 seul
1219 2855 1346 2933 hlittcn,

192 2977 227 3021 so
248 2955 336 3020 wtird
360 2979 433 3022 man
457 2979 601 3042 meynen,
627 2981 659 3022 es
682 2964 765 3022 wilre
788 2959 869 3023 noch
883 2964 1009 3043 gr'osser
1024 2957 1256 3045 heyligthumb.
1291 2959 1348 3025 Sia

192 3062 312 3128 habens
334 3063 408 3128 abel
430 3063 598 3140 versehen,
622 3063 677 3126 das
701 3063 746 3126 sie
769 3062 836 3127 sich
859 3084 893 3126 so
917 3061 998 3126 nahe
1021 3061 1072 3126 bei
1096 3085 1155 3127 uns
1180 3063 1346 3128 Barbaren

193 3168 297 3234 haben
319 3169 409 3234 nider
432 3168 631 3254 geschlagcn,
655 3168 713 3232 wir
734 3168 824 3232 seind
848 3189 907 3251 eyn
932 3167 1038 3251 wenig
1061 3165 1177 3245 rauhe,
1207 3168 1270 3232 und
1294 3188 1348 3230 wo

191 3274 250 3337 wir
273 3273 429 3353 marchen,
453 3274 507 3338 das
531 3295 562 3337 cs
586 3273 636 3337 nit
657 3272 747 3337 recht
769 3271 913 3357 allgehet,
937 3271 1024 3335 falsu
1048 3272 1106 3335 wir
1128 3272 1187 3348 nit,
1214 3272 1347 3337 wurden

192 3377 271 3441 auch
296 3377 436 3443 villcicht
457 3398 492 3442 so
514 3379 606 3462 lang,
637 3378 701 3441 und
736 3376 893 3442 billanher
925 3376 976 3439 nit
997 3376 1117 3460 gafalct
1140 3377 1261 3456 haben,
1293 3399 1347 3441 wo

192 3483 347 3566 gemeltc,
382 3483 435 3546 dos
457 3482 686 3566 Nebcnhaupts
709 3504 821 3546 unsers
843 3482 964 3558 feinds,
1002 3482 1168 3565 vereydete
1199 3482 1264 3547 und
1286 3503 1347 3568 gc-

126 3585 132 3596 '
193 3585 303 3670 dingte
326 3587 571 3665 lohnachreib‘er,
596 3589 656 3651 mit
679 3587 806 3652 solchen
824 3586 915 3650 ihren
938 3586 1076 3671 giltigen
1102 3588 1254 3672 predigen
1277 3589 1347 3652 und

191 3692 363 3770 schriften,
387 3693 483 3757 wider
506 3693 557 3758 ihr
580 3715 681 3778 eygeu
704 3693 875 3778 gewissen,
899 3691 1024 3754 Herren
1048 3690 1113 3755 und
1137 3691 1271 3757 Fdrstcn
1294 3692 1349 3758 nit

190 3794 380 3864 verfdretcn.
410 3798 453 3863 Es
469 3802 545 3864 mdss
569 3799 695 3864 freilich
718 3820 776 3882 gar
799 3798 871 3861 ubel
896 3796 972 3860 umb
994 3817 1055 3860 uns
1077 3797 1198 3876 slehen,
1222 3797 1348 3863 dieweil

190 3925 275 3980 man,
300 3903 334 3968 in
357 3925 391 3968 so
414 3904 456 3968 vil
476 3906 585 3988 jarcn,
613 3903 694 3968 nach
718 3925 751 3968 so
776 3901 857 3966 vilen
883 3901 1113 3987 Reichlltagen,
1138 3902 1201 3966 und
1224 3902 1347 3966 andern

190 4007 388 4085 beihunftsn,
412 4008 462 4072 nit
486 4007 575 4072 mehr
591 4007 733 4071 erhalten
749 4006 814 4071 und
830 4005 1017 4090 andgericht
1032 4004 1113 4070 hatt.
1145 4005 1218 4070 Und
1237 4027 1348 4070 uenus

262 4161 274 4212 1
296 4159 394 4229 (druch
416 4164 437 4216 1.
458 4165 483 4216 2.
502 4163 530 4233 3)
549 4162 593 4216 nit
611 4163 685 4217 statt
702 4107 772 4230 ja..
832 4161 948 4214 2wenn
967 4161 1041 4214 statt
1059 4178 1110 4216 wo.
1199 4163 1216 4216 3
1237 4163 1349 4219 statt3

190 4245 233 4300 bis
252 4248 284 4300 3:
321 4251 488 4304 anmaesen?
524 4251 571 4305 Ich
591 4250 669 4305 weiss
696 4249 764 4304 aber
789 4248 848 4312 nit,
878 4265 935 4302 was
962 4265 1030 4303 man
1064 4249 1110 4302 fur
1137 4249 1260 4304 fantaeei
1285 4250 1347 4306 und

190 4332 385 4406 iruugination,
404 4337 534 4406 yataund,
553 4355 583 4394 so
601 4336 640 4394 aie
658 4339 745 4392 etwas
764 4336 873 4392 weitcrs
892 4353 948 4392 von
966 4353 1018 4390 una
1032 4336 1118 4402 seind,
1137 4354 1193 4392 von
1205 4337 1270 4395 inan
1284 4339 1349 4394 hat.
