3160 4960
818 343 860 405 20

263 514 371 580 oculus
385 513 560 590 sitlividus‚
576 517 697 580 amator
713 512 916 579 tenebrarum
924 513 1027 579 lucem
1042 516 1110 580 odit
1125 519 1157 581 et
1168 517 1209 583 ad
1224 518 1415 602 unuscujus-

264 642 324 706 que
339 619 531 684 turbandum
543 641 688 684 serenum
702 620 832 704 nigrum
851 619 990 685 infamiae
1002 619 1113 705 lingua
1123 623 1257 707 spargit.
1290 623 1342 688 Sic
1366 624 1417 688 ni·

263 725 379 790 mirum
397 724 591 807 multiloquii
603 724 756 802 dilectori,
780 723 936 788 adulatori
960 725 1105 792 mendaci
1118 729 1240 812 pariter
1255 733 1288 794 et
1303 728 1415 794 fallaci

266 829 463 895 credulitatis
486 849 648 894 assensum
675 829 906 894 mandaverunt
937 829 1109 913 prudentes
1139 832 1207 896 fore
1231 833 1417 898 nullatenus

238 935 477 1000 rcribuendum.
534 932 573 998 In
607 931 811 1016 multiloquio
845 934 930 998 enim
962 921 1125 1018 peceatum
1156 959 1220 1002 nou
1254 939 1355 1003 deerit
1385 943 1418 1002 et

265 1040 409 1105 adulator
430 1039 511 1104 falsa
532 1059 592 1123 pro
617 1037 700 1102 veris
723 1037 819 1102 cudit.
865 1036 916 1102 Sic
947 1043 1072 1104 assueta
1101 1041 1214 1126 lingua
1243 1043 1417 1108 mendaciis

264 1146 326 1210 huc
341 1167 374 1209 se
389 1144 514 1210 facilius
538 1143 668 1208 divertit
690 1147 722 1208 et
744 1142 844 1210 fallax
865 1143 973 1208 anima
993 1145 1131 1212 libenter
1153 1151 1220 1212 rete
1236 1149 1417 1213 dolositatis

192 1283 200 1302 ·
265 1251 426 1335 expandit.
473 1249 630 1314 Similiter
656 1253 762 1314 autem
785 1253 913 1314 tuorum
935 1250 1029 1314 avido
1051 1257 1109 1316 aut
1123 1252 1274 1318 iracundo
1288 1255 1416 1318 auditus

264 1377 464 1440 nequaquam
487 1355 641 1440 sepientis
654 1353 857 1437 impenditur.
905 1353 987 1418 Leve
1002 1377 1140 1440 namque
1154 1339 1295 1436 verbum,
1312 1364 1349 1424 ut
1364 1379 1415 1423 res

227 1479 252 1516 1⁰
265 1465 419 1545 captetur,
443 1460 631 1544 quantocius
653 1459 795 1524 mittitur
826 1462 858 1522 et
880 1459 921 1522 ab
944 1459 992 1523 ira
1014 1481 1069 1524 seu
1092 1461 1262 1527 inimicitia
1289 1462 1338 1527 vel
1365 1463 1415 1525 in-

265 1567 386 1631 invidia
420 1565 531 1630 nubila
568 1588 587 1628 a
625 1565 759 1629 veritate
797 1564 923 1646 quidem
962 1566 1026 1630 oris
1063 1568 1220 1632 rectitudo
1257 1570 1415 1631 curvatur.

197 1721 200 1728 .
266 1671 347 1746 Quid
379 1671 507 1736 tandem
540 1670 604 1734 nisi
635 1670 717 1754 quod
741 1669 822 1734 nulli
843 1668 949 1734 minus
973 1692 1067 1753 quam
1089 1671 1150 1734 tibi
1173 1672 1211 1736 de
1234 1671 1326 1736 bonis
1346 1693 1416 1758 cre-

247 1751 343 1842 'naar
380 1775 579 1841 Naturaliter
612 1775 738 1859 quidem
761 1775 884 1840 laudem
909 1777 1087 1860 appetimus
1112 1779 1168 1840 aut
1189 1777 1309 1860 majora
1330 1798 1416 1841 eom·

266 1881 406 1946 munitor
433 1880 470 1945 de
493 1880 584 1944 nobis
611 1879 814 1944 aestimemus.
862 1878 913 1943 Ad
945 1879 1004 1944 hoc
1039 1886 1146 1946 autem
1177 1885 1225 1946 est
1255 1881 1417 1965 eloquium

230 2003 256 2042 1⁶
270 1985 516 2073 ponderandum,
540 1983 690 2065 quoniam
713 1985 840 2046 tantum
863 1988 913 2048 est
930 1985 1120 2050 credendum
1135 1987 1286 2071 possibile
1309 1991 1341 2051 et
1355 1986 1417 2051 hoc

267 2092 433 2158 dumtaxat
456 2089 645 2154 conveniens
669 2091 726 2152 est.
773 2085 833 2152 Sed
866 2089 1087 2155 convenientia
1111 2091 1199 2155 verbi
1222 2113 1259 2155 ex
1283 2092 1417 2156 circum·

267 2196 386 2262 stantia
397 2194 572 2280 percipitur
594 2192 680 2258 facti.
719 2192 963 2276 Haecsiquidem
980 2200 1055 2260 sunt
1077 2197 1123 2261 rei
1147 2197 1295 2280 qualitas,
1320 2196 1416 2272 locus,

266 2307 393 2385 tempus
416 2306 448 2366 et
470 2299 591 2366 modus.
636 2297 688 2364 Sic
711 2299 812 2383 igitur
835 2299 942 2364 fallaci
965 2299 1090 2365 credere
1111 2321 1203 2366 corvo
1219 2289 1354 2366 stultum
1369 2309 1417 2364 est

267 2409 300 2472 ct
322 2405 453 2472 omuino
476 2402 643 2482 dementia,
673 2402 799 2485 vulpem
823 2403 966 2486 deposita
989 2403 1115 2468 feritate
1136 2405 1171 2469 in
1193 2404 1332 2470 oratorio
1361 2426 1415 2469 ve·

229 2513 365 2577 2⁰1an
390 2517 518 2576 cantare
538 2509 671 2574 credere.
717 2508 786 2572 Hoc
809 2509 893 2573 enim
914 2509 1052 2593 vulpinas
1067 2510 1250 2574 caudaenou
1267 2510 1432 2574 convenit·

267 2622 299 2681 et
329 2615 472 2680 totaliter
494 2615 612 2680 veritas
641 2637 660 2679 a
682 2613 931 2678 circumstantiis
954 2614 1032 2698 ipsis
1056 2615 1212 2680 dissentit.
1259 2615 1417 2690 Quoniam

267 2722 394 2806 quidem
416 2742 492 2805 ergo
515 2720 617 2783 multa
639 2720 761 2784 cautela
784 2719 867 2783 circa
889 2719 1078 2784 credendum
1101 2719 1361 2795 adhibendast,
1385 2723 1418 2782 et

266 2828 311 2891 rei
334 2827 451 2891 veritas
473 2827 564 2889 tanta
586 2823 755 2910 diligentia
779 2823 975 2907 inquirenda,
999 2829 1165 2908 procerte
1188 2824 1414 2889 stultissimum

267 2938 316 2996 est
337 2932 401 2996 cito
423 2930 556 3007 credere,
579 2935 612 2995 et
635 2929 845 3014 periculosum
867 2929 961 2993 citius
985 2933 1057 3013 post
1078 2930 1177 2993 levem
1194 2928 1415 2992 credulitatem

228 3048 252 3086 ²⁶
267 3037 394 3101 moveri.
440 3033 560 3110 Quibus
583 3033 715 3098 eruditis
739 3033 869 3098 dimisso
883 3054 978 3099 corvo
993 3033 1115 3120 gallum
1130 3034 1259 3118 gallinae
1274 3037 1418 3116 sequutae

267 3147 351 3207 sunt.

416 3349 604 3426 Quietem
627 3348 784 3414 mentis
808 3348 945 3434 dilige
967 3353 1008 3414 et
1031 3349 1147 3415 ocius
1169 3349 1275 3434 fuge.

567 3523 623 3589 De
645 3523 752 3588 bove
775 3527 815 3588 ct
836 3523 953 3608 lupo,
977 3545 1044 3610 cap.
1071 3528 1120 3590 14.

355 3665 393 3730 In
418 3663 598 3749 vespertina
620 3662 748 3746 quidem
770 3663 849 3727 hora
871 3663 950 3748 jugo
966 3663 1078 3728 bovem
1093 3668 1259 3729 oneratum
1276 3669 1421 3730 arantem

228 3798 254 3835 ao
267 3772 389 3835 otiosus
420 3789 581 3854 vagusque
607 3767 701 3851 lupus
733 3767 893 3852 reperiens
917 3769 1008 3850 quasi
1031 3769 1224 3852 compatiens
1248 3769 1329 3834 dixit
1352 3768 1420 3833 illi:

268 3875 394 3959 quando
418 3879 454 3938 tn
474 3874 597 3938 solutus
613 3871 706 3937 beate
722 3872 871 3936 libertate
886 3873 1051 3958 vagaberis
1066 3893 1102 3937 ac
1118 3874 1222 3956 quiete
1238 3878 1305 3938 tam
1320 3873 1421 3938 lassus

267 3978 495 4044 refocillaberis
517 3977 663 4041 otiosus?
687 3976 733 4041 At
757 3977 811 4040 ille
834 3977 1011 4061 respondit:
1045 3977 1195 4041 nimirum
1220 3979 1346 4061 quaudo
1369 3997 1420 4040 sa·

268 4085 390 4167 pientia
420 4082 572 4165 relinquit
603 4085 769 4164 naturam3
807 4081 929 4146 labores
962 4082 1047 4146 enim
1077 4082 1226 4163 quamdiu
1251 4079 1421 4146 sustinebit

268 4188 479 4253 membrorum
504 4187 647 4265 societas,
672 4207 872 4269 nequaquam
895 4207 945 4250 me
968 4187 1071 4270 rapiet
1093 4187 1273 4272 vagationis
1293 4187 1421 4271 captiva

227 4319 254 4357 es
269 4292 400 4357 libertas
427 4297 482 4358 aut
505 4293 649 4357 otiositas
672 4291 774 4355 cordis
798 4290 1039 4376 tempestatibus
1060 4290 1228 4357 fluctuans.
1275 4289 1420 4373 Namque

265 4398 395 4484 vagatio
418 4398 568 4462 alienatio
592 4399 737 4482 quaedam
751 4398 870 4463 mentis
891 4402 923 4464 et
937 4398 1039 4463 otium
1055 4401 1227 4483 tempestas
1243 4400 1291 4463 est
1306 4394 1419 4461 cordis.
