3172 4958
831 341 874 403 84

276 511 382 587 vertit,
406 509 481 575 hinc
504 510 646 576 dolorose
661 532 910 578 commemorans
922 516 1047 578 tantum
1063 519 1259 581 muscetum
1274 516 1427 594 laborem,

273 615 351 680 hino
372 615 469 679 nimis
492 615 621 700 plorans
645 616 802 699 perditam
825 639 931 702 spem,
963 617 1039 684 hino
1069 621 1208 686 universi
1242 621 1353 687 mundi
1377 643 1427 686 re-

272 722 389 806 gimen,
413 720 515 805 magis
538 720 613 784 feris
630 742 724 804 quum
741 722 817 786 vi'ris
832 724 932 787 tantis
953 725 1108 790 concessis
1122 726 1247 810 opibus,
1264 728 1426 792 detestans

272 830 384 896 contra
402 825 608 909 providentiae
630 825 781 889 ordinem.
823 824 881 891 (lui
899 828 908 864 ¹
932 828 1057 912 quidem
1075 830 1185 894 doctus
1197 831 1260 910 ille,
1275 832 1308 896 in
1330 831 1425 896 corde

246 949 258 986 ⁶
272 931 431 996 emollitus
444 930 601 1015 lacrymis,
618 936 654 994 ut
666 935 902 997 consternatum
913 933 951 996 ad
963 937 1080 998 terram
1092 937 1309 1020 compassione
1320 937 1424 1023 erige-

272 1040 321 1102 ret
354 1041 387 1100 et
421 1037 596 1101 sauciatum
624 1035 746 1099 ratione
777 1037 1023 1102 misericorditer
1053 1040 1264 1119 confortaret,
1299 1042 1427 1127 inquit:

272 1141 443 1220 consolare,
467 1141 524 1218 lili,
548 1162 586 1205 en
602 1161 661 1224 ego
678 1162 814 1224 namque
829 1142 964 1225 pandam
982 1143 1042 1209 tibi
1059 1165 1210 1229 magnum
1227 1145 1424 1212 thesaurum.

272 1245 363 1310 Tunc
378 1246 586 1330 promissione
597 1265 632 1309 cc
648 1245 809 1311 doloribus
826 1247 966 1312 ardentis
982 1249 1125 1314 avaritiae
1140 1251 1298 1336 mitigatis
1310 1272 1424 1336 parum

271 1352 469 1417 confortatus
482 1351 609 1415 resedit.
656 1349 715 1414 Cui
735 1369 807 1413 mox
823 1351 905 1416 alter
920 1352 1081 1437 adjunxit:
1104 1353 1155 1419 dio
1171 1355 1261 1434 mihi,
1286 1376 1363 1441 rogo
1380 1359 1422 1434 te,

233 1474 259 1512 ιο
273 1455 349 1540 quid
365 1456 424 1519 tibi
442 1477 599 1520 summum
616 1456 776 1537 putaveris
790 1477 857 1520 esse
873 1457 1001 1521 bonum.
1039 1457 1085 1522 At
1100 1458 1173 1524 ille:
1195 1459 1256 1524 hoc
1271 1465 1364 1538 certe,
1388 1459 1425 1524 ni

271 1561 375 1638 fallor,
389 1561 471 1644 qnod
480 1582 499 1624 a
508 1581 556 1624 me
565 1579 685 1622 summe
693 1558 855 1644 diligitur;
868 1561 899 1624 id
908 1567 1014 1626 autem
1023 1583 1144 1626 summe
1152 1563 1325 1649 diligimus,
1339 1563 1424 1648 quod

271 1687 430 1730 summum
452 1664 570 1729 bouum
593 1685 658 1728 esse
682 1667 841 1746 putamus,
864 1686 1044 1732 mensuram
1067 1667 1225 1751 siquidem
1241 1668 1317 1733 boni
1333 1689 1422 1733 umor

272 1772 422 1854 sequitur.
469 1768 543 1833 Mox
575 1769 675 1832 alter:
708 1772 793 1832 recte
818 1768 986 1850 judicasti,
1019 1771 1072 1835 sed
1103 1793 1226 1855 quaeso,
1258 1777 1296 1837 nt
1326 1773 1422 1852 dicas,

271 1877 347 1962 quid
370 1876 472 1960 magis
496 1873 627 1957 diligis?
661 1873 707 1936 At
737 1872 808 1936 ille:
837 1895 950 1938 aurum
979 1879 1078 1953 certe,
1109 1876 1161 1940 cui
1190 1877 1338 1942 universa
1368 1878 1424 1942 de·

232 1997 258 2034 ¹⁶
271 1983 424 2058 serviunt,
447 1979 587 2063 pecnniae
610 1998 746 2060 namque
758 1978 852 2060 juxta
866 1976 1044 2043 Salomonis
1061 1980 1252 2046 sententiam
1268 1982 1424 2048 obediunt

271 2087 387 2152 omnis.
435 2083 485 2146 Ad
509 2081 577 2147 haec
600 2081 727 2146 tandem
752 2083 894 2146 eruditus
917 2083 1085 2166 magister,
1116 2088 1152 2148 ut
1175 2087 1278 2170 magis
1299 2087 1424 2172 eupidi-

271 2196 337 2258 tate
368 2211 463 2274 quam
493 2188 600 2253 dolore
630 2185 805 2251 sauciatum
835 2191 944 2269 pectus
975 2187 1128 2253 auditoris
1158 2194 1302 2269 sanaret,
1333 2193 1425 2275 pium

271 2296 406 2364 rationis
419 2294 507 2359 dedit
522 2292 701 2358 antidotum
718 2291 837 2355 dicens:
860 2291 940 2356 benc
955 2293 1056 2372 video,
1079 2293 1162 2376 quod
1178 2295 1314 2360 avaritia
1324 2295 1424 2362 habet

270 2403 397 2470 oculum
419 2401 472 2466 sed
496 2420 560 2464 non
583 2396 704 2474 visum,
738 2417 812 2460 nam
843 2394 960 2460 bonum
984 2397 1157 2482 praediligis
1180 2402 1213 2463 et
1234 2399 1294 2466 hoc
1316 2401 1423 2485 ipsum

231 2522 257 2560 2⁰
270 2529 342 2573 oum
365 2504 467 2591 magis
490 2501 624 2588 appetis,
648 2522 711 2564 non
728 2498 882 2584 agnoscis.
919 2499 1087 2582 Responde
1101 2501 1191 2580 mihi,
1215 2523 1279 2588 qua
1291 2503 1422 2587 quidem

270 2634 381 2679 aurum
410 2611 534 2674 ratione
562 2610 744 2688 oseteraeque
774 2604 994 2670 desiderabiles
1027 2627 1077 2670 res
1111 2611 1276 2684 smentnr3
1311 2631 1420 2674 nonne

269 2719 344 2799 quis
366 2715 580 2778 informantur
602 2710 771 2774 bonitate?
801 2708 891 2775 Sicut
922 2709 1006 2773 enim
1028 2709 1149 2775 odienti
1172 2712 1275 2777 forma
1296 2713 1420 2779 malum

268 2825 327 2897 est,
350 2820 395 2883 sic
417 2816 566 2901 diligenti
587 2819 634 2878 est
656 2812 785 2878 bonum.
833 2813 899 2878 Sub
921 2815 1043 2878 ratione
1058 2815 1185 2898 quidem
1205 2817 1283 2882 boni
1302 2823 1419 2884 cuncta

268 2925 441 3009 diligimus,
464 2922 517 2985 scd
534 2920 685 3003 quoniam
701 2923 832 3004 propter
851 2920 933 3003 quod
952 2921 1200 3004 unumquodque
1220 2921 1325 2986 taleet
1337 2922 1419 2987 illud

228 3041 253 3080 ²⁶
268 3027 371 3114 magis
384 3023 627 3092 ratiocinatione
637 3026 821 3110 percipitur,
836 3025 946 3109 utique
962 3026 1040 3090 illud
1059 3030 1190 3112 propter
1206 3029 1288 3110 quod
1300 3027 1423 3113 aliquid

267 3153 419 3210 amamus,
444 3131 475 3194 id
491 3131 594 3216 magis
610 3136 657 3195 est
672 3131 817 3196 amioum.
857 3129 1010 3195 Amemus
1026 3131 1112 3196 enim
1127 3131 1275 3198 universa
1288 3139 1422 3218 propter

266 3238 394 3302 bonnm.
414 3235 597 3322 Igiturfinis
605 3235 749 3298 omn'ium
758 3233 1014 3299 desiderabilium
1024 3239 1056 3300 et
1067 3257 1225 3300 summum
1234 3237 1421 3304 amabilium

267 3346 315 3408 est
336 3344 465 3407 bouum.
513 3340 582 3417 Qus
606 3338 757 3403 nimirum
780 3360 819 3402 ex
849 3361 883 3402 re
901 3340 986 3422 jam,
1019 3341 1133 3418 amice,
1165 3341 1337 3406 rutilanter
1363 3343 1420 3407 ad-

267 3447 379 3532 spicis,
414 3445 498 3530 qnod
527 3443 751 3510 universaliter
772 3443 892 3508 bonum
915 3444 1056 3530 appetis,
1084 3446 1188 3528 ipsum
1210 3448 1348 3512 maxime
1371 3448 1419 3512 di-

228 3568 253 3606 ³⁰
266 3553 351 3637 ligis,
376 3553 436 3618 hoo
458 3554 493 3616 in
515 3549 662 3615 omnibus
685 3548 792 3612 volitis
817 3549 942 3632 quaeris,
970 3553 1100 3634 propter
1123 3549 1184 3615 hoc
1206 3555 1320 3616 coetera
1342 3575 1420 3618 con-

266 3656 410 3739 cupiscis.
457 3655 575 3720 Verum
606 3677 678 3718 eum
706 3653 831 3738 digesta
858 3655 902 3718 sit
933 3653 1121 3734 diffinitiva,
1153 3655 1185 3720 id
1215 3655 1320 3740 ipsum
1351 3679 1420 3723 esse

266 3782 423 3826 summurn
447 3760 606 3838 dilectum,
630 3759 690 3824 hoo
712 3762 838 3823 tantum
861 3760 984 3824 cunctis
1008 3782 1074 3826 esse
1097 3781 1255 3824 summum
1286 3761 1417 3842 bonum,

266 3889 303 3931 ac
324 3867 423 3931 totius
446 3865 629 3930 thesaurum
653 3864 819 3947 petitionis
835 3864 1020 3930 desideratae
1040 3865 1307 3931 rectitudinaliter
1329 3866 1417 3931 dixe-

265 3972 346 4048 rim,
381 3971 463 4053 quod
497 3974 546 4033 est
578 3969 716 4033 essentia
749 3967 912 4033 bonitatis.
968 3968 1037 4034 Hoc
1069 3973 1174 4034 autem
1208 3993 1321 4035 aurum
1351 3991 1418 4036 non

226 4093 251 4132 ³⁵
265 4079 322 4153 est,
346 4095 422 4159 ergo
446 4095 504 4138 nec
526 4075 631 4158 ipsum
653 4077 759 4157 potest
782 4095 848 4138 esso
870 4096 1029 4139 summum
1054 4075 1182 4139 bonum.
1228 4075 1321 4142 Unde
1336 4075 1417 4142 illud

264 4202 423 4246 summum
445 4181 566 4245 bonum
588 4183 645 4259 est,
670 4180 754 4263 quod
777 4200 886 4245 omnes
909 4178 1100 4245 naturaliter
1121 4178 1274 4266 diligunt,
1297 4203 1356 4248 nec
1367 4185 1416 4247 est

830 4301 849 4342 s

336 4403 350 4458 1
370 4401 481 4459 Andere
498 4403 588 4460 lesen:
606 4403 699 4474 Cujus.
