3146 4962
849 339 914 401 238

308 513 383 588 tem,
411 509 561 593 quoniam
583 532 647 575 non
670 511 726 594 qui
751 516 932 589 accusatur,
967 511 1020 576 sed
1051 510 1106 593 qui
1136 511 1353 587 conducitur,
1383 531 1458 573 reus

308 616 365 690 est,
393 613 471 678 dicit
493 613 642 678 Isidorus.
688 615 776 679 Unde
806 615 888 698 ipae:
919 619 993 679 ante
1016 615 1116 698 proba
1137 619 1169 678 et
1194 614 1311 698 judica
1357 611 1459 676 Prout

307 717 403 790 refert
426 718 572 784 Valerius
601 721 639 784 de
668 719 790 784 Manlio
821 720 1000 803 Torquato,
1034 720 1123 804 cujus
1157 741 1227 783 cum
1258 723 1342 782 esset
1369 717 1459 782 filius

307 845 382 887 suns
403 829 565 888 accusatus
588 829 621 889 et
638 827 811 904 convictus,
834 826 971 910 protulit
993 826 1187 891 sententiam
1209 825 1247 888 de
1270 844 1307 886 eo
1330 823 1459 886 diceus:

279 949 376 993 acum
399 929 502 994 filium
524 952 628 994 meum
644 931 861 997 consiliarium
877 932 1044 1016 pecuniam
1059 953 1078 994 a
1093 931 1187 996 sociis
1203 929 1359 1014 accepisse
1379 949 1459 1011 pro·

305 1034 414 1098 batum
438 1034 517 1099 mihi
539 1035 592 1112 sit,
615 1058 687 1100 enm
710 1059 799 1101 reum
815 1038 1010 1121 puniendum
1033 1042 1066 1101 et
1089 1037 1183 1102 domo
1199 1057 1269 1100 mea
1284 1035 1459 1118 indignum

299 1139 423 1222 judico,
447 1140 577 1224 ideoque
601 1140 646 1205 sic
669 1141 865 1225 adjudicatus
888 1141 996 1225 gladio
1020 1142 1151 1228 punitus
1175 1147 1231 1204 est
1277 1139 1347 1204 Hoc
1369 1140 1459 1203 anim

302 1265 396 1330 agere
418 1245 510 1310 debet
528 1246 634 1328 judex,
658 1266 722 1310 non
744 1246 830 1310 enim
846 1247 939 1310 debet
953 1251 1132 1330 pervertere
1144 1246 1306 1329 justitiam
1322 1248 1458 1330 propter

302 1370 441 1414 amorem
464 1347 514 1413 vel
536 1350 653 1428 odium,
677 1350 753 1433 quia
774 1351 852 1414 dicit
875 1350 1073 1415 Bernardus:
1102 1373 1189 1416 amor
1213 1350 1375 1414 etodium
1401 1371 1456 1412 ve-

263 1481 289 1518 ro
303 1455 409 1519 ritatis
428 1455 582 1540 judicium
604 1455 715 1518 nescit
762 1455 812 1520 Ea
833 1461 964 1540 propter
987 1456 1257 1522 narratValerius
1280 1454 1364 1519 libro
1388 1453 1456 1518 V⁰:

302 1561 397 1643 quod,
420 1583 491 1624 cnm
515 1559 673 1625 Calerieus
694 1560 729 1623 in
752 1561 830 1624 urbe
852 1584 871 1624 a
899 1583 933 1626 se
955 1563 1100 1640 condita,
1130 1585 1200 1646 qum
1234 1560 1455 1626 saluberrimis

302 1664 426 1750 legibus
448 1670 517 1730 erat
539 1665 672 1740 munita,
698 1665 925 1749 rempublicam
948 1669 1141 1752 gubernaret
1155 1669 1177 1746 ¹,
1202 1668 1349 1750 interque
1371 1666 1454 1730 alias

301 1771 387 1855 leges
406 1769 458 1854 jus
479 1774 549 1834 erat
571 1769 790 1849 coustitutum,
814 1772 896 1855 quod
921 1773 1132 1856 deprehensus
1154 1773 1188 1836 in
1211 1772 1343 1836 crimine
1359 1770 1454 1835 adul-

301 1875 374 1939 terii
397 1879 531 1958 utroque
553 1874 645 1939 oculo
668 1875 858 1960 privaretur,
885 1899 957 1941 cum
980 1877 1013 1941 in
1038 1878 1097 1942 tali
1119 1878 1253 1943 crimine
1275 1876 1361 1940 filius
1384 1876 1454 1958 ejus

263 2005 288 2045 ιε
302 1978 515 2064 deprehensus
544 1984 646 2058 esset,
678 2002 749 2044 cum
781 1985 849 2044 tota
880 1983 990 2046 civitas
1013 1987 1141 2067 rogaret
1163 2004 1221 2068 pro
1245 2004 1303 2058 eo,
1333 1986 1372 2045 ut
1402 1980 1453 2043 illi

302 2106 396 2168 poena
417 2084 650 2165 remitteretur,
683 2084 879 2169 aliquamdiu
909 2089 1117 2171 repugnavit,
1149 2089 1188 2152 ad
1219 2087 1370 2152 ultimum
1403 2089 1453 2148 est

299 2189 401 2254 vietus
424 2189 569 2272 precibus
592 2188 719 2272 populi,
750 2211 806 2254 suo
838 2194 947 2255 tamen
976 2193 1083 2274 prius,
1119 2193 1244 2256 demum
1276 2191 1337 2255 filii
1358 2190 1452 2255 oculo
1498 2251 1501 2258 .

299 2298 390 2359 eruto
412 2316 504 2359 visum
520 2294 647 2359 videndi
664 2295 791 2378 utrique
802 2295 944 2379 reliquit,
968 2297 1110 2360 debitum
1125 2297 1316 2380 supplicium
1331 2297 1449 2373 tenuit,

299 2400 437 2465 reddidit
459 2401 603 2484 aequitati
625 2399 812 2464 admirabile
836 2405 1133 2486 temperamentum,
1161 2425 1195 2466 se
1217 2403 1301 2468 inter
1324 2403 1450 2466 miseri-

260 2506 423 2570 socordem
453 2509 577 2590 patrem
610 2510 642 2570 et
677 2500 891 2590 legislatorem
920 2509 1042 2590 justum
1076 2509 1214 2592 partitus
1249 2512 1307 2575 est.
1354 2507 1449 2571 ·Item

298 2615 408 2676 narrat
430 2609 577 2675 Valerius
600 2611 638 2674 de
661 2609 819 2674 Carundio
840 2611 945 2695 tyrio,
978 2612 1033 2694 qui
1060 2613 1163 2697 legem
1187 2613 1325 2690 dederat,
1349 2617 1396 2690 ut,
1422 2612 1449 2675 si

297 2717 369 2799 quis
398 2717 580 2781 concionem
610 2715 746 2780 intraret
776 2735 848 2779 cum
881 2715 988 2794 ferro,
1021 2719 1173 2782 continuo
1204 2719 1448 2783 interficeretur.

297 2819 340 2884 Et
361 2821 528 2904 interjecto
550 2825 690 2903 tempore
720 2841 792 2887 cum
822 2821 889 2904 ipse
918 2821 1002 2885 idem
1031 2823 1068 2886 de
1095 2822 1272 2908 longinquo
1300 2844 1374 2887 rure
1395 2843 1448 2886 re-

296 2930 407 3010 petens
431 2925 560 2990 domum
582 2925 689 3010 gladio
711 2925 834 2989 cinctus
857 2927 1026 3010 processit,
1051 2930 1176 2992 etcum
1199 2931 1282 2992 esset
1304 2927 1448 2992 monitus

259 3053 284 3094 aa
298 3032 336 3096 de
358 3031 437 3117 legis
460 3029 617 3095 solutione
639 3051 658 3094 a
680 3029 834 3113 quodam,
858 3032 914 3113 qui
936 3053 1034 3117 prope
1056 3053 1128 3096 eum
1151 3033 1274 3110 stabat,
1298 3033 1448 3117 protinus

297 3136 381 3202 ferro
405 3137 572 3215 distracto,
603 3135 686 3219 quod
710 3135 865 3213 habebat,
897 3135 1050 3200 incubuit.
1096 3137 1211 3202 Noluit
1233 3137 1357 3220 culpam
1380 3137 1445 3201 dis·
1521 3154 1525 3163 ·

297 3243 446 3307 simulare
468 3243 519 3307 vel
541 3261 679 3306 errorem
702 3240 877 3320 defendere,
902 3242 1016 3308 maluit
1038 3264 1164 3326 poenam
1177 3243 1333 3320 sustinere
1349 3263 1447 3325 quam

296 3347 397 3432 legem
421 3349 576 3433 frangere.
623 3346 706 3412 Item
730 3351 840 3412 narrat
866 3347 1009 3413 Valerius
1033 3349 1116 3413 libro
1140 3348 1196 3426 Vl,
1221 3371 1292 3414 oum
1315 3349 1446 3432 quidam

249 3499 254 3510 .
292 3452 388 3536 judex
412 3453 494 3518 male
512 3453 702 3537 judicasset,
736 3472 791 3516 rex
815 3451 979 3517 Cambizes
1009 3453 1125 3537 pellem
1152 3455 1218 3538 ejus
1241 3453 1367 3540 corpori
1391 3454 1445 3518 de-

254 3577 281 3617 so
294 3561 430 3622 tractam
460 3559 546 3624 sellae
564 3557 740 3641 judiciariae
763 3558 910 3641 apposuit
940 3563 973 3622 et
1001 3559 1035 3623 iu
1058 3581 1209 3624 casuum
1232 3559 1337 3624 filium
1358 3559 1444 3642 judi-

293 3667 437 3728 caturum
467 3668 540 3749 post
571 3684 643 3727 eum
674 3663 781 3726 sedere
809 3662 893 3728 fecit.
947 3661 1040 3728 Nova
1067 3664 1153 3728 euim
1175 3685 1270 3748 poena
1293 3665 1444 3750 providit,

292 3791 333 3834 ne
356 3769 427 3852 quis
445 3769 542 3853 judex
565 3771 676 3851 postea
698 3767 857 3849 corrumpi
874 3774 989 3850 posset
1035 3767 1087 3833 Sic
1110 3770 1195 3833 enim
1217 3769 1370 3852 praecepit
1393 3769 1445 3832 lex

291 3873 399 3939 divina
430 3873 560 3939 Denter.
595 3871 707 3938 XV10:
744 3871 862 3956 judices
903 3878 935 3938 et
965 3876 1171 3960 magistratus
1210 3875 1369 3940 constitue
1409 3875 1444 3938 in

291 3978 438 4044 omnibus
457 3979 557 4062 portis
572 3979 653 4055 tuis,
682 3983 718 4042 ut
737 3977 883 4060 judicent
905 3980 1058 4063 populum
1077 3980 1165 4064 justo
1185 3979 1304 4062 judicio
1326 4000 1385 4043 nee
1409 3979 1444 4043 in

250 4101 277 4141 εὑ
291 4084 425 4150 alteram
447 4087 570 4168 partem
593 4081 763 4148 declinent.

855 4204 873 4246 s

361 4309 515 4365 lFrdhere
541 4309 687 4378 ausgaben
711 4309 803 4364 lassen
827 4309 872 4364 die
896 4312 983 4366 vvurte
1010 4311 1226 4382 »rempublicam
1251 4311 1439 4381 gubernaret«

292 4413 361 4465 weg.
