3172 4962
776 228 838 294 154

232 400 368 464 tremum
392 401 497 465 eutem
519 397 703 468 absorberis
726 403 868 485 repertus
891 403 924 467 et
945 401 987 467 ab
1008 401 1085 487 ipsis
1108 402 1293 492 incognitus
1315 404 1387 468 col·

232 502 312 568 lisus
333 508 382 568 est
403 508 436 569 et
458 504 628 589 dispersus,
651 504 697 570 ita
720 505 803 589 quod
826 527 991 590 nunquam
1007 508 1195 592 comperuit.
1241 507 1387 573 Tandem

233 607 413 674 confractus
436 609 498 674 ait:
523 610 578 694 qui
600 608 722 675 deloco
744 632 834 676 sauro
856 611 972 696 pergit,
994 611 1115 695 justum
1137 615 1195 694 est,
1219 613 1246 677 si
1268 633 1304 678 ee
1318 598 1387 677 dis?-

233 714 349 800 pergit.
396 713 480 798 Ergo
504 705 637 788 ceveent
659 714 799 802 religiosi
822 715 861 782 ed
884 715 1025 782 seculum
1041 715 1155 794 redire,
1179 739 1220 782 ue
1235 716 1388 782 similiter

208 821 374 902 opereant.
430 817 700 905 eoncupiscentie
732 821 816 886 enim
846 826 922 886 eunt
953 820 1122 907 nauhagie
1150 821 1386 908 religiosorum.

233 920 276 988 Et
298 921 367 986 ideo
390 923 467 990 dicit
489 924 706 1010 Augustinus:
737 926 821 992 sicut
849 925 978 992 dilectio
999 925 1060 991 Dei
1082 931 1131 992 est
1152 927 1295 993 omnium
1319 927 1386 993 vir·

234 1029 339 1091 tutum
362 1025 451 1106 fons,
484 1029 531 1093 ita
559 1029 687 1096 dilectio
719 1031 830 1098 mundi
862 1035 910 1097 est
941 1031 1013 1097 fons
1041 1033 1185 1098 omnium
1218 1033 1384 1099 vitiorum.

234 1132 326 1198 Unde
348 1133 404 1217 qui
426 1133 496 1198 vult
517 1133 621 1200 Deum
643 1137 819 1220 possidere,
850 1137 969 1204 mundo
996 1138 1180 1218 renuntiet,
1210 1142 1249 1203 ut
1270 1137 1313 1204 eit
1335 1137 1386 1202 illi

234 1235 320 1301 Deus
358 1237 451 1304 beuta
488 1240 652 1324 possessio.
712 1239 800 1310 Dicit
837 1241 1035 1308 Bernardus:
1080 1243 1241 1327 perlectus
1277 1263 1389 1308 servus

197 1359 221 1396 10
236 1339 357 1408 Christi
380 1342 463 1408 nihil
484 1343 582 1410 habet
605 1345 667 1410 uisi
682 1344 845 1412 Christum
867 1346 938 1412 etsi
953 1346 1074 1432 aliquid
1090 1350 1206 1432 praeter
1221 1347 1389 1414 Christum

235 1447 341 1527 habet,
364 1448 523 1532 perlectus
546 1470 610 1514 non
633 1453 690 1516 est.
737 1450 828 1517 Unde
851 1452 952 1518 idem:
977 1451 1033 1537 qui
1049 1451 1269 1537 spiritualibus
1292 1451 1387 1518 bonis

235 1556 311 1618 suut
333 1554 443 1632 dotati,
466 1555 600 1620 terrenis
623 1555 761 1641 negotiis
783 1578 847 1621 nou
871 1555 988 1622 debent
1010 1555 1177 1641 implicari.
1301 1606 1308 1618 .

322 1656 456 1744 Legitur
478 1659 512 1722 in
528 1657 620 1724 Vites
644 1663 771 1744 petmm
794 1660 885 1745 [sio],
913 1661 1141 1745 quodquidam
1162 1661 1262 1726 buter
1284 1661 1388 1729 inter·

236 1763 362 1849 rogavit
382 1784 489 1828 senam
512 1762 634 1828 diceus:
658 1765 733 1848 quid
756 1765 881 1844 focium,
905 1766 981 1850 quie
1003 1765 1155 1852 cogitatio
1169 1787 1240 1832 mee
1254 1788 1388 1833 menon

198 1884 224 1924 ιι
237 1868 390 1946 dimittit,
422 1889 473 1938 me
503 1889 560 1933 nec
581 1889 646 1934 una
668 1869 747 1936 hora
774 1871 880 1936 sedere
910 1870 943 1935 in
964 1870 1045 1937 cella
1066 1871 1159 1936 mea?
1192 1871 1235 1938 Elt
1256 1871 1334 1937 dicit
1357 1873 1388 1938 ei

239 1995 351 2040 senex:
374 1975 432 2055 fili,
455 1978 612 2041 revertere
626 1978 659 2040 et
674 1975 746 2040 sede
762 1976 795 2040 in
812 1975 890 2042 cella
904 1979 960 2041 tua
981 1979 1015 2041 et
1035 1975 1145 2042 labora
1159 1977 1308 2043 munibus
1322 1977 1389 2043 tuis

241 2083 274 2144 et
295 2102 351 2146 ore
366 2079 465 2147 Deum
482 2080 677 2146 incessanter
699 2083 731 2144 et
742 2078 829 2163 jacto
843 2079 1019 2166 rogitatum
1033 2083 1124 2145 tuum
1146 2081 1181 2144 in
1204 2080 1333 2147 domino
1355 2087 1389 2148 et

238 2205 322 2264 cave,
345 2208 386 2252 ne
407 2189 440 2251 te
467 2185 537 2270 quis
559 2184 696 2262 seducet,
720 2188 755 2249 ut
779 2206 879 2264 exeas,
901 2189 934 2250 et
957 2183 1090 2252 dicebat
1137 2185 1275 2263 Quidam
1297 2208 1388 2252 secu·

239 2289 317 2355 laris
358 2293 426 2356 erat
461 2290 642 2356 adolescens
677 2288 797 2354 habens
839 2292 963 2374 petrem
1004 2293 1037 2354 et
1078 2289 1277 2356 desiderabat
1319 2291 1391 2358 fleri

198 2426 224 2464 ιι
239 2394 420 2461 monachus.
472 2394 516 2460 llt
546 2394 620 2459 dum
649 2396 786 2460 multum
815 2393 1008 2478 supplicaret
1037 2393 1123 2479 patri
1153 2415 1229 2474 suo,
1269 2399 1306 2461 ut
1338 2395 1392 2486 di·¹

238 2500 380 2566 mitteret
409 2521 479 2565 eum
510 2499 670 2577 converti,
702 2520 767 2565 non
797 2499 1013 2583 acquiescebat
1033 2503 1133 2584 pater.
1180 2499 1389 2568 Postmodum

239 2609 342 2670 autem
367 2608 497 2690 rogetus
520 2627 539 2670 c
566 2603 713 2669 fidelibus
736 2603 860 2682 amicis,
892 2603 945 2668 vix
968 2603 1133 2689 nequierit.
1179 2603 1222 2672 Et
1244 2626 1390 2689 egressus

239 2709 338 2776 freter
360 2708 416 2773 ille
438 2709 617 2775 adolescens
641 2708 788 2774 introivit
802 2708 1030 2774 monasterium
1046 2713 1079 2774 et
1095 2709 1199 2775 fectus
1215 2710 1389 2777 monachus

240 2817 334 2900 coepit
371 2837 464 2881 omne
486 2837 565 2900 opus
597 2815 783 2881 monosterii
821 2813 960 2900 perfecte
994 2813 1144 2899 perlicere
1181 2819 1214 2880 et
1243 2815 1391 2901 jejunare

201 2949 226 2989 ιι
241 2919 390 3006 quotidie.
436 2919 540 3005 Coepit
566 2924 673 2986 autem
695 2920 850 2986 biduanas
871 2923 905 2984 et
926 2919 1090 2984 triduanas
1107 2919 1276 2999 abstinere,
1298 2919 1390 2985 simi-

239 3025 315 3090 liter
337 3028 444 3090 eutem
467 3029 499 3091 et
520 3026 617 3092 semel
639 3029 766 3090 tantum
789 3024 822 3089 in
838 3024 1011 3090 ebdomade
1025 3024 1122 3089 refici.
1157 3023 1295 3090 Videbat
1317 3046 1391 3090 eum

240 3132 337 3197 ebbae
360 3152 434 3196 suus
455 3135 489 3196 et
510 3130 686 3196 mirabatur
708 3133 741 3195 et
763 3129 969 3195 benedicebat
991 3128 1154 3194 dominum
1175 3128 1209 3193 in
1224 3127 1390 3195 abstinen-

240 3236 288 3302 tia
317 3241 350 3302 et
382 3236 490 3303 labore
520 3237 631 3322 ipsius.
688 3235 834 3323 Contigit
863 3240 969 3300 eutem
999 3237 1072 3319 post
1101 3233 1231 3318 aliquod
1253 3235 1390 3316 tempus,

242 3343 356 3427 [quod]
378 3343 473 3428 coepit
488 3341 588 3408 frater
603 3340 776 3426 supplicari
792 3338 902 3405 abbati
917 3361 974 3406 suo
989 3339 1114 3405 dicens:
1138 3359 1217 3424 rogo
1232 3341 1274 3416 te,
1297 3337 1391 3418 abba,

202 3474 228 3514 ιο
242 3452 279 3512 ut
300 3447 443 3513 dimittes
466 3469 532 3525 me,
555 3451 587 3512 et
610 3445 719 3512 vadam
742 3445 776 3510 in
801 3443 974 3509 heremum.
1021 3442 1109 3508 Dicit
1133 3442 1162 3508 ei
1185 3441 1300 3507 abbas:
1331 3443 1391 3523 fili,

242 3550 309 3616 noli
339 3553 399 3618 hoc
429 3552 586 3638 cogitare,
620 3572 685 3617 nou
714 3549 799 3615 enim
829 3553 920 3634 potes
954 3549 1086 3614 sufferre
1119 3547 1216 3612 telem
1249 3547 1391 3614 laborem

223 3665 372 3747 ⁴propter
402 3657 628 3742 temptationes
659 3654 777 3722 diaboli
815 3659 847 3718 et
879 3654 1034 3719 versutias
1068 3653 1144 3738 ejus.
1191 3651 1234 3716 Et
1260 3653 1288 3719 si
1315 3673 1390 3719 oon·

242 3764 354 3850 tigerit
377 3763 436 3828 tihi
460 3761 644 3847 temptatio,
676 3781 739 3825 non
763 3759 904 3824 iuvenies
928 3758 985 3837 ibi,
1008 3757 1093 3842 quod
1115 3761 1147 3822 te
1168 3758 1349 3824 consoletur
1372 3781 1392 3824 a

243 3871 425 3937 turbatione
452 3868 585 3948 inimici,
608 3889 679 3952 quae
707 3865 769 3932 tibi
800 3865 894 3930 illata
925 3863 1032 3929 fuerit
1079 3861 1138 3928 llle
1167 3867 1273 3928 autem
1296 3862 1393 3948 ooepit

203 3977 379 4060 etamplius
394 3997 516 4063 rogere,
538 3978 575 4040 ut
590 3995 662 4040 eum
678 3973 880 4056 permitteret
894 3969 990 4036 abire.
1036 3967 1158 4034 Videns
1173 3972 1280 4034 autem
1295 3969 1394 4035 abbas

243 4081 319 4166 ejus,
343 4081 419 4164 quia
435 4103 506 4146 eum
520 4079 658 4145 retinere
673 4100 739 4143 uon
755 4080 890 4162 poterat,
914 4074 999 4140 facta
1014 4072 1159 4139 oratione
1174 4073 1295 4140 dimisit
1309 4095 1392 4140 eum.

242 4185 449 4251 Postmodum
471 4184 549 4250 dicit
572 4183 682 4250 abbati
693 4205 764 4249 suo:
787 4202 866 4268 rogo
888 4184 930 4260 te,
955 4180 1046 4258 abba,
1069 4181 1107 4243 ut
1128 4177 1280 4244 concedas
1302 4178 1391 4258 mihi,

243 4289 298 4374 qui
320 4289 467 4357 ostendat
490 4290 561 4370 iter,
584 4289 742 4374 quomodo
764 4307 823 4372 ego
844 4305 976 4372 pergere
990 4283 1130 4351 debeam.
1176 4281 1219 4348 Et
1233 4281 1393 4348 ordinarit
