3172 4962
813 318 877 383 144

270 493 479 571 nascentium,
503 491 645 557 voratrix
667 489 809 556 omnium
831 493 865 555 et
878 489 953 556 vitas
968 489 1233 557 consemativunr.
1279 487 1421 565 Quadam

268 601 376 663 autem
400 598 466 664 viee
488 597 600 663 coelum
623 594 715 660 misit
742 615 838 680 super
860 599 979 662 terram
1001 595 1085 662 hauc
1106 595 1261 680 plurimas
1284 598 1423 678 rempes-
1558 598 1563 625 ¹

268 705 361 782 tates,
386 701 518 788 fulgura
539 705 571 766 et
593 701 747 780 tonitrua,
771 700 815 766 ita
840 701 925 784 quod
946 700 1121 785 plurimum
1136 722 1204 766 eam
1220 699 1421 787 aggregavit

269 807 344 893 Ipse
365 829 440 874 ¹nero
462 807 545 872 irata
567 810 670 872 adrem
692 804 732 870 ed
754 825 788 870 se
817 805 942 872 vocavit
971 804 1095 871 dicans:
1124 805 1208 884 noli,
1237 805 1358 884 freter,
1390 808 1423 868 te

243 913 485 978 aintromittere
506 913 592 976 inter
615 931 666 976 me
687 913 720 974 et
742 909 872 986 caelum,
898 909 974 995 quie
994 909 1125 975 omnino
1149 910 1253 994 ipsum
1274 907 1422 995 praecipi-

267 1017 360 1096 tabo;
384 1015 481 1082 talem
503 1015 587 1082 enim
610 1013 763 1098 iujuriam
788 1013 902 1080 intulit
923 1012 1014 1092 mihi,
1037 1035 1133 1097 qnam
1157 1013 1260 1080 modis
1273 1012 1423 1080 omnibns

268 1121 428 1188 vindicare
449 1124 592 1206 peropto.
637 1118 696 1184 Oui
726 1121 795 1184 adr:
829 1117 890 1184 hoe
919 1139 984 1184 uon
1011 1117 1127 1198 facias,
1158 1140 1264 1200 soror,
1294 1119 1350 1185 sed
1381 1119 1423 1184 da

268 1227 376 1298 locum
397 1225 453 1291 ire.
498 1223 629 1291 Etenim
651 1223 678 1288 si
703 1221 819 1288 caelum
841 1225 874 1288 te
895 1222 990 1288 modo
1012 1223 1214 1304 amaricavit,
1246 1225 1326 1292 aliae
1348 1245 1421 1290 cum

267 1353 304 1396 eo
325 1330 557 1416 jocundaberis.
604 1327 704 1394 Terra
731 1327 818 1393 enim
840 1326 926 1394 victa
948 1329 988 1394 ab
1012 1327 1177 1396 iracundia
1198 1329 1330 1396 minime
1353 1351 1422 1396 ces·

228 1457 254 1495 ²⁰
268 1461 337 1505 aare
358 1438 481 1516 veluit,
511 1437 565 1502 sed
589 1436 628 1501 ad
657 1455 747 1500 erma
776 1435 918 1504 cucurrit
948 1438 1075 1500 etcum
1098 1435 1176 1500 coelo
1202 1433 1347 1519 proeliari
1370 1433 1423 1498 in·

267 1545 413 1610 choavit.¹
448 1541 582 1608 Intuena
606 1543 712 1607 antem
736 1544 789 1606 adr
811 1539 983 1627 caliginem
1005 1544 1037 1605 et
1059 1539 1294 1626 turpitudinem
1310 1538 1424 1604 eduxit

265 1648 312 1714 ita
336 1647 419 1733 quod
442 1647 557 1712 crelam
577 1647 664 1710 terra
687 1665 752 1709 uon
776 1644 976 1710 discerneret.
1022 1643 1134 1731 Caligo
1149 1666 1225 1710 vero
1239 1644 1274 1708 in
1289 1647 1420 1710 tanturn

265 1753 351 1818 inter
374 1752 488 1818 coelum
512 1755 544 1816 et
566 1755 685 1815 terram
707 1753 832 1816 morata
853 1754 912 1828 est,
940 1749 1039 1816 donec
1062 1753 1149 1815 terra
1170 1751 1252 1816 iram
1274 1749 1424 1835 deposuit

266 1861 299 1924 et
320 1859 470 1924 farronem.
524 1853 637 1920 Postea
668 1875 794 1938 quoque
825 1859 878 1919 aer
910 1859 1021 1920 ventos
1050 1854 1156 1920 emisit
1186 1859 1218 1920 et
1247 1854 1422 1941 caliginem

227 1979 253 2020 ¹⁶
266 1960 427 2047 effrigavit
449 1960 570 2025 diceus:
596 1979 705 2024 omnes
728 1959 844 2025 debent
865 1960 1070 2046 exstinguere
1091 1959 1201 2046 ignem
1223 1964 1256 2026 et
1280 1981 1344 2026 non
1367 1961 1421 2025 in-

265 2065 437 2132 flammare.
482 2061 552 2128 Hoc
582 2061 718 2147 quilibet
749 2083 843 2148 agere
874 2063 986 2142 debet,
1016 2085 1088 2129 cum
1118 2065 1273 2149 prospicit
1301 2065 1420 2130 amieos

265 2193 339 2236 suos
361 2170 478 2247 iratos,
511 2167 587 2253 quia
613 2169 707 2252 juxta
728 2165 882 2234 Cothonis
904 2169 1097 2236 sententiam
1120 2169 1168 2236 ira
1190 2169 1325 2254 impedit
1347 2169 1419 2235 ani-

265 2297 363 2356 mum,
387 2297 427 2340 ne
449 2274 551 2360 possit
571 2293 700 2340 cernere
721 2294 841 2340 verum.
888 2273 993 2340 Homo
1016 2275 1102 2341 enim
1125 2278 1175 2340 est
1199 2278 1290 2340 extra
1305 2297 1420 2360 corpus

266 2402 369 2459 suum,
394 2379 520 2465 quando
542 2378 710 2454 irascitur,
744 2377 776 2443 et
800 2379 870 2444 ideo
900 2383 976 2444 tunc
999 2378 1040 2444 ab
1062 2379 1173 2444 amicis
1193 2379 1420 2464 temperandus

227 2502 253 2543 u
266 2490 315 2552 est
337 2507 374 2550 ae
395 2484 598 2562 retinendus,
633 2483 769 2547 doneca
790 2481 897 2548 furore
923 2487 1122 2550 removeatur
1144 2488 1178 2548 et
1198 2484 1299 2568 possit
1321 2483 1418 2550 finem

266 2591 322 2656 irae
352 2589 435 2655 dare.
491 2587 581 2654 Dicit
609 2587 694 2654 enim
717 2587 850 2654 Seneca:
882 2587 1012 2653 initium
1040 2591 1088 2653 est
1119 2588 1302 2674 sapientias,
1334 2589 1418 2654 irum

263 2693 429 2774 moderari,
452 2717 527 2760 nam
549 2694 744 2760 iracundiam
767 2693 823 2778 qui
846 2693 967 2772 vicerit,
992 2693 1166 2759 maximum
1189 2698 1319 2778 superat
1341 2694 1417 2760 hos·

263 2803 337 2864 tem.
390 2797 491 2864 Prout
521 2798 618 2864 refert
640 2797 806 2878 Valerius,
838 2799 939 2882 quod,
970 2819 1042 2864 cum
1071 2797 1206 2864 Archita
1234 2800 1417 2866 tarentinus

263 2906 376 2969 contre
397 2923 522 2968 servum
545 2902 645 2968 iratus
660 2907 752 2982 esset,
774 2903 839 2969 ait:
863 2901 1020 2982 oinfelix‚
1039 2904 1106 2988 jem
1122 2903 1160 2968 de
1175 2907 1207 2968 te
1221 2903 1416 2990 supplicium

225 3023 251 3062 π
264 3029 429 3088 sumerem,
452 3008 479 3072 si
501 3009 602 3072 iratus
625 3029 689 3073 non
712 3027 819 3073 essem.
865 3007 1000 3091 Propter
1022 3007 1108 3092 quod
1129 3012 1228 3093 patet,
1251 3007 1335 3093 quod
1359 3009 1418 3075 ab·

261 3111 401 3196 jicienda
423 3118 472 3178 est
494 3114 543 3178 ira
564 3112 605 3177 ab
633 3113 748 3178 animo.
795 3110 885 3190 Quia,
918 3113 1002 3177 sicut
1024 3112 1143 3178 dicitur
1169 3112 1418 3180 Proverbiorum

264 3215 411 3295 XXIV⁰‚
434 3216 483 3281 ira
504 3237 569 3281 uon
592 3215 691 3281 habet
713 3216 970 3281 miscricordiam.
1016 3215 1190 3301 Nunquam
1213 3218 1299 3284 enim
1317 3219 1416 3303 judex

263 3320 403 3406 aliquam
434 3321 625 3386 sententiam
657 3320 691 3385 in
722 3321 771 3387 ira
800 3320 941 3406 proferre
976 3320 1078 3390 debet.
1124 3321 1217 3388 Unde
1238 3323 1358 3410 legitur
1381 3324 1415 3388 in

263 3425 418 3492 Historiis
444 3424 681 3500 Romanorum,
715 3423 816 3509 quod,
850 3445 921 3489 cum
951 3423 1145 3492 Theodosius
1175 3427 1348 3512 imperator
1375 3429 1415 3494 ad

224 3548 251 3586 ⁸⁰
261 3533 349 3618 jussa
371 3554 479 3598 severa
502 3533 599 3597 nimie
622 3534 705 3598 esset
727 3534 881 3615 promtus,
906 3532 1035 3614 qnidam
1058 3531 1185 3616 sepiens
1210 3553 1282 3597 eum
1305 3533 1414 3598 admo-

263 3637 346 3716 nuit,
369 3640 415 3715 ut,
438 3657 510 3701 cum
532 3657 565 3700 ee
587 3636 682 3701 irasci
697 3636 842 3713 sentiret,
865 3635 1052 3721 priusquam
1068 3637 1208 3722 aliquam
1223 3639 1414 3703 sententiam

262 3743 422 3827 proferat,
457 3739 570 3808 XXIII
601 3741 727 3806 litteras
749 3740 911 3826 alphabeti
934 3741 1022 3807 intra
1044 3763 1076 3806 se
1098 3741 1263 3806 moraliter
1286 3743 1415 3820 dicaret,

262 3851 299 3911 ut
332 3847 378 3912 sie
411 3845 635 3931 refrigeratus,
666 3847 743 3930 quid
772 3846 976 3912 statuendum
1005 3851 1088 3912 esset
1117 3849 1174 3910 aut
1199 3846 1416 3930 judicandum,

262 3952 368 4017 videre
390 3954 423 4016 et
445 3951 525 4016 seire
547 3955 663 4035 posset.

224 4143 249 4184 u
559 4123 618 4190 De
640 4128 735 4191 edre
757 4129 799 4190 et
819 4128 962 4204 vento,
986 4125 1060 4191 dial.
1086 4127 1114 4189 7.

350 4265 414 4330 Aer
436 4265 609 4330 secundum
631 4265 856 4351 philosophum
887 4269 936 4330 est
966 4264 1161 4350 spiraculum
1192 4265 1335 4330 omnium
1365 4264 1413 4330 vi·

261 4370 424 4452 rentium,
455 4370 524 4435 sine
557 4392 620 4454 quo
652 4372 763 4437 statim
796 4371 992 4474 suffocentur
1020 4375 1053 4436 et
1084 4369 1266 4435 monentur
1288 4373 1413 4450 anneta,
