3172 4958
686 357 728 420 83

357 527 412 594 De
434 550 550 608 aure,
573 531 743 608 natura,
767 528 901 608 oculo,
925 549 991 612 oap.
1017 531 1069 594 25.

229 648 393 715 Audiens¹
427 649 529 728 auris,
564 649 647 734 quod
681 649 789 716 oculus
819 648 972 734 palpebra
1004 654 1163 730 tueretur,
1194 653 1287 716 sento

140 759 260 842 puncta
280 753 463 820 invidentia
485 754 592 819 aculeo
614 757 737 820 naturae
760 752 858 818 dixit:
889 757 927 818 ut
957 753 1035 836 quid
1061 754 1188 820 oculum
1218 759 1286 821 tam

137 859 317 926 volatilium
340 858 564 944 palpebrarum
588 858 765 924 munitione
788 856 925 935 vallasti,
955 878 1006 923 me
1029 867 1136 924 autem
1158 860 1203 925 sio
1225 883 1286 925 nu·

111 965 213 1031 adam
237 965 376 1049 undique
398 963 574 1028 dimisisti?
596 963 688 1028 (terte
710 984 767 1028 nee
789 985 826 1028 eo
848 963 1027 1028 meminus
1051 965 1155 1048 pretio
1170 965 1287 1030 babere

139 1069 285 1146 debuisti,
310 1068 459 1153 quoniam
482 1068 510 1132 si
529 1065 688 1132 delectatl
711 1067 777 1145 lux,
800 1067 993 1152 peramplius
1015 1071 1123 1134 tamn
1146 1069 1286 1147 verbum,

139 1179 172 1240 et
194 1176 221 1239 si
244 1175 329 1240 visus
351 1173 494 1251 instruit,
517 1174 590 1256 plus
610 1172 746 1237 auditus.
793 1170 851 1236 (lui
878 1171 935 1236 illa
957 1173 1123 1257 utriusque
1144 1177 1213 1240 arte
1234 1195 1286 1239 sa·

139 1280 261 1364 pientia
282 1279 469 1346 fabrieatrix
491 1279 650 1363 patienter
672 1279 851 1363 respondit:
873 1279 902 1342 si
917 1279 1038 1344 videres
1052 1280 1171 1365 quippe
1193 1283 1226 1345 et
1244 1281 1288 1345 si-

139 1389 207 1450 tum
242 1385 455 1450 membrorum
487 1384 556 1448 luoe
590 1382 724 1448 rationis
754 1383 951 1460 attenderem
989 1404 1076 1449 nuno
1107 1405 1158 1449 me
1185 1385 1288 1470 magis

98 1512 125 1552 ιο
140 1490 317 1574 gratiarum
340 1488 463 1554 aetione
486 1509 581 1572 quam
604 1509 768 1554 causarum
792 1488 924 1572 querula
947 1488 1121 1573 quastione
1136 1488 1287 1572 pulsares.

139 1591 258 1658 Nonne
288 1595 389 1658 looata
411 1615 444 1658 ee
466 1593 500 1656 in
523 1591 690 1677 profundis
720 1597 752 1656 et
782 1613 851 1656 osse
879 1594 913 1656 et
942 1593 1131 1677 eurtilagine
1153 1593 1288 1658 eircum-

140 1719 264 1782 quaque
286 1699 432 1782 munitat
454 1696 545 1762 Foris
566 1701 674 1762 temen
695 1697 824 1762 lueerna
838 1697 978 1781 eorporis
1000 1701 1049 1762 est
1060 1698 1168 1763 oculus
1192 1697 1288 1762 et'ob

140 1803 200 1868 hoc
224 1803 427 1886 providenter
452 1801 599 1886 pellicula
628 1801 806 1867 velocitatis
838 1807 997 1881 armatur,
1029 1803 1083 1868 sed
1106 1807 1138 1868 et
1159 1807 1290 1888 propter

140 1908 200 1972 hoe
232 1907 328 1992 digne
358 1907 385 1970 is
408 1904 522 1971 ostiolo
544 1904 721 1983 clauditur,
753 1910 790 1969 ut
812 1904 956 1970 volenti⁸
982 1907 1108 1990 quidem
1133 1906 1216 1972 nihil
1237 1907 1289 1972 in·

99 2040 125 2077 rr
142 2014 254 2079 decens
276 2016 446 2098 spargente
467 2011 555 2076 radio
577 2015 796 2095 praesentetur.
844 2011 893 2075 Ad
922 2011 990 2076 bsee
1020 2013 1106 2078 auris
1129 2013 1289 2098 adjunxit:

142 2122 246 2184 curet
268 2115 585 2199 mihirepudiationis
604 2116 736 2199 januam
759 2136 823 2178 non
847 2115 985 2180 dedisti?
1008 2120 1064 2182 aut
1085 2116 1169 2182 forte
1183 2117 1289 2181 minus

141 2221 264 2306 putasti
286 2220 431 2286 nooivam
462 2219 695 2303 corruptionem
726 2218 876 2285 auriculae
905 2241 1000 2303 quam
1031 2221 1181 2305 pupilles?
1214 2220 1289 2287 Non

142 2325 269 2404 audisti,
297 2325 380 2409 quod
400 2324 540 2408 primum
555 2323 678 2388 aditum
699 2323 796 2388 morti
818 2329 967 2408 percepto
987 2345 1144 2390 venenoso
1159 2347 1289 2409 serpen·

141 2431 185 2496 tis
196 2430 321 2514 eloquio
338 2430 507 2494 effrenatus
523 2427 666 2492 mulieris
688 2428 815 2494 auditus
831 2427 999 2493 exhibuit?
1022 2428 1173 2495 Direote⁴
1189 2430 1289 2514 siqui-

101 2562 128 2600 ιο
142 2537 212 2602 dem
234 2556 333 2618 usque
355 2534 395 2598 ad
417 2555 472 2598 eor
500 2535 647 2617 penetrat
673 2531 822 2610 verbum,
855 2533 1005 2617 quoniam
1035 2537 1146 2618 aperta
1175 2535 1290 2599 semita

118 2633 245 2705 'stillat
268 2640 337 2703 auri
359 2637 519 2722 pectoris⁶
542 2636 637 2700 rivus.
684 2635 775 2702 Tune
790 2640 906 2702 natura
922 2637 1104 2722 subjunxit:
1126 2637 1208 2704 siout
1223 2659 1288 2703 non

141 2750 189 2811 est
212 2744 411 2822 intuendum,
434 2743 498 2806 nisi
521 2741 604 2826 quod
627 2741 742 2819 lieet⁸‚
766 2742 810 2806 sie
831 2763 889 2806 nee
910 2743 1101 2808 audiendum
1123 2749 1188 2822 est,
1223 2743 1287 2808 nisi

141 2849 224 2934 qood
248 2849 345 2913 decet.
391 2847 505 2912 Nonne
527 2852 559 2911 te
574 2846 615 2910 ob
629 2845 689 2911 hoe
711 2846 744 2910 in
761 2847 864 2911 medio
879 2847 993 2930 eapitis
1008 2847 1152 2912 situavit
1174 2846 1288 2913 Omnis

140 2957 225 3022 enim
248 2954 402 3039 sapientis
425 2958 514 3018 aetus
538 2952 630 3016 debet
661 2973 727 3016 esse
758 2951 881 3016 decenti
905 2953 1110 3038 regularitate
1133 2955 1289 3038 composi·

101 3083 127 3122 ra
142 3065 194 3126 tus
209 3063 242 3125 et
257 3057 519 3143 quemadmodum
536 3056 568 3120 in
585 3055 764 3120 coelestibus
784 3056 942 3139 sapientia
957 3057 1166 3141 gubernantis
1183 3059 1291 3123 nullus

141 3167 209 3230 sine
231 3165 341 3250 regula
363 3162 503 3227 oeruitur
525 3165 640 3238 motus,
664 3161 711 3225 ita
732 3164 766 3225 et
786 3161 821 3224 iu
843 3161 994 3226 membris
1010 3161 1125 3226 animae
1141 3163 1291 3246 prudenti

141 3271 289 3356 subjectis
313 3267 511 3333 inordinatus
535 3287 686 3350 apparere
717 3265 901 3330 nullatenus
930 3265 1024 3331 debet
1054 3269 1152 3332 aetus.
1199 3267 1292 3331 Unde

142 3377 293 3460 sapientis
316 3374 456 3438 incessus
478 3371 594 3454 gravia,
617 3371 783 3458 adspectus
804 3371 954 3454 pudicus,
978 3371 1105 3436 auditus
1127 3370 1292 3448 honestus,

141 3485 245 3546 status
267 3479 427 3554 collectus,
450 3476 579 3541 habitus
602 3481 651 3540 est
673 3481 775 3560 aptus.
824 3475 962 3540 Maxime
983 3479 1089 3540 tamen
1107 3476 1200 3541 decor
1214 3497 1292 3560 pru·

101 3607 127 3644 so
143 3584 260 3650 dentiae
282 3583 374 3648 debet
402 3581 590 3646 reluoeseere
619 3581 651 3644 in
682 3579 781 3658 faeie,
813 3580 964 3662 quoniam
995 3601 1092 3644 eornu
1125 3582 1292 3666 sapientie

142 3688 336 3756 luminosum
359 3687 551 3773 glorifieavit
573 3689 699 3750 tantum
724 3684 898 3750 Mosaioum
914 3683 1047 3748 vultum.
1087 3685 1194 3770 Igitur
1216 3687 1291 3769 quia

141 3794 233 3860 velox
256 3791 348 3856 debet
370 3813 436 3856 esse
458 3791 553 3856 homo
575 3791 614 3854 ed
638 3789 837 3868 audiendum,
862 3789 923 3853 tibi
945 3811 1008 3853 non
1030 3790 1136 3854 addidi
1148 3791 1290 3873 januam,

143 3903 332 3974 nectentem
356 3917 427 3960 eum
452 3917 575 3960 neeesse
596 3895 704 3972 fuerit,
728 3899 908 3978 opportune
930 3894 1056 3977 quidem
1081 3895 1203 3959 auditui
1227 3919 1290 3962 non

143 4006 229 4070 deest
252 4006 321 4067 arte
342 4000 477 4066 rationis
500 4001 653 4065 clausura.
702 3998 823 4076 Quibus
847 3999 964 4065 auditis
991 4018 1062 4062 mox
1079 4007 1192 4083 pacata
1207 4004 1293 4066 auris

104 4131 128 4170 ss
144 4109 273 4194 quievit.
715 4191 731 4225 Ι,

217 4261 368 4319 lAndere:
393 4261 497 4316 videns.
578 4259 594 4312 2
615 4259 723 4314 Andere
742 4257 897 4328 unriehtig:
923 4257 1060 4316 deleatur.
1132 4261 1149 4318 3
1168 4262 1292 4321 Andereg

144 4352 260 4409 nolenti.
357 4350 503 4404 ldndere
521 4347 679 4416 unriehtig:
706 4346 812 4400 duoem.
901 4351 916 4400 5
936 4347 1061 4403 Ardere:
1087 4350 1162 4405 aruris
1182 4353 1291 4409 reotori.

145 4442 161 4495 6
180 4441 304 4496 Andere:
324 4439 425 4494 lusam.

197 4527 361 4572 reserauerat
1064 4513 1082 4576 3
