3058 4946
850 387 911 455 132

304 567 422 633 virtute
445 571 477 632 et
499 565 598 632 animi
621 564 808 648 praestantia
843 569 876 629 ct
907 564 1096 630 dexteritate
1119 565 1255 629 multum
1277 564 1381 631 hercle
1401 565 1447 630 de·

303 672 532 758 generavimus,
556 675 593 734 ut
615 669 653 733 de
675 669 829 734 felicitate
853 669 936 734 nihil
952 670 1063 748 dicam,
1088 691 1183 753 quam
1201 676 1294 734 n'e'mo
1309 677 1449 754 prestare

304 781 420 862 potest.
468 775 592 840 Bellum
616 775 701 838 certe
724 773 840 856 suscipi
863 774 958 838 debat
980 774 1065 857 pacis
1089 774 1269 838 obtinendae
1291 778 1324 839 et
1345 775 1448 860 mutir-

303 883 427 946 mandae
450 903 551 946 causa.
595 877 714 943 Nostra
735 900 810 943 vero
825 879 909 944 balla
924 884 1000 944 sunt
1017 879 1217 958 immortalia,
1241 881 1358 944 seritur
1371 879 1450 943 alind

304 1009 342 1052 ex
366 987 444 1066 alio,
469 1007 571 1070 neque
594 983 723 1049 dubium
746 987 813 1062 est,
847 986 924 1068 quin
948 986 980 1049 et
1002 983 1069 1049 haec
1092 985 1135 1048 sit
1158 985 1293 1050 illustris
1317 983 1451 1070 quadam

303 1091 359 1155 irae
382 1091 497 1154 divinae
519 1089 711 1175 significatio
735 1093 767 1152 et
791 1092 883 1166 nota,
909 1089 964 1173 qui
987 1089 1129 1172 requiem
1152 1111 1187 1154 ac
1209 1090 1308 1154 veluti
1324 1091 1451 1174 ,portua

303 1217 341 1284 ex
363 1194 414 1260 his
438 1196 538 1261 tantis
563 1195 654 1259 malis
678 1193 803 1258 nullum
827 1194 976 1260 ostendit.
1022 1193 1311 1278 Frequentissimos
1333 1194 1450 1281 agimus

303 1304 486 1378 conventus,
510 1299 587 1364 adeo
611 1297 757 1381 quidem,
793 1302 829 1362 ut
862 1298 946 1381 apud
975 1301 1099 1362 exteros
1128 1299 1162 1362 in
1192 1299 1395 1382 proverbium
1422 1300 1451 1361 et

301 1407 408 1490 jocum
424 1404 570 1470 venerint
587 1401 816 1468 Gemranorum
836 1403 973 1467 comitia.
1006 1401 1156 1467 Consiliis
1172 1407 1204 1467 et
1220 1401 1452 1468 deliberationi·

302 1511 361 1576 bus
384 1512 418 1575 in
442 1510 575 1574 minima
598 1508 695 1571 etiam
718 1507 883 1572 hominum
908 1509 1060 1573 societate
1082 1511 1114 1572 et
1136 1509 1366 1594 aggregatione
1380 1528 1453 1592 opus

304 1637 378 1694 esse,
404 1637 494 1680 nemo
518 1613 627 1690 nescit,
652 1634 778 1691 verum,
809 1613 891 1676 sicut
913 1613 995 1678 male
1018 1613 1175 1678 adfectum
1198 1635 1332 1699 corpus,
1364 1613 1452 1677 reite·

305 1719 383 1784 ratis
407 1741 443 1783 ac
467 1739 550 1801 saepe
580 1717 725 1800 repetitis
753 1737 859 1782 carere
890 1739 951 1782 non
985 1722 1091 1801 potest
1125 1718 1381 1799 medicamentis,
1411 1718 1454 1782 ita

310 1845 436 1908 quoque
456 1819 639 1905 reipublicae
662 1841 727 1884 non
750 1819 830 1884 bene
852 1823 1036 1886 constituas
1058 1823 1186 1906 signum
1209 1827 1266 1902 ost,
1290 1825 1324 1887 in
1344 1846 1407 1908 qua
1420 1821 1455 1886 de

309 1929 419 1993 iisdem
445 1926 537 1990 rebus
560 1925 654 1989 toties
683 1923 804 1988 frustra
835 1927 1020 1990 consulatur
1050 1930 1083 1990 et
1112 1927 1299 1992 decernitur.
1346 1928 1455 1994 Foedus

308 2055 364 2118 par
387 2052 512 2096 omnem
527 2028 739 2108 Germaniam,
764 2033 795 2093 et
812 2051 907 2112 quam
930 2030 993 2094 late
1016 2030 1184 2115 imperium
1208 2035 1306 2116 patet,
1330 2033 1455 2098 unicum

303 2159 370 2203 esse
392 2135 536 2212 debebat,
559 2131 668 2220 toltius
691 2133 872 2216 reipublicae
895 2139 1040 2218 spectans
1064 2136 1323 2202 incolumitatem.
1360 2136 1453 2204 Nunc

300 2263 374 2307 vero
398 2240 537 2327 plurima
559 2244 635 2303 sunt
657 2237 828 2323 separatim
851 2242 883 2302 et
905 2239 991 2303 inter
1013 2239 1177 2325 singuloS,
1211 2243 1293 2325 quod
1317 2247 1367 2308 est
1389 2225 1455 2308 maa·

301 2347 422 2410 nimum
451 2344 547 2409 dubio
578 2342 689 2426 procul
721 2347 753 2406 et
782 2341 984 2408 alienationis
1014 2345 1192 2409 animorum
1216 2349 1248 2410 et
1271 2347 1455 2414 diffidentiae

301 2457 334 2516 et
355 2451 472 2515 futurae
494 2446 710 2531 dissipationis
733 2451 967 2532 argumentum.
1007 2447 1050 2512 Et
1072 2470 1135 2533 quo
1151 2450 1274 2516 veriora
1290 2453 1352 2517 ista
1372 2457 1456 2531 sunt,

301 2577 426 2640 quoque
450 2555 552 2639 magis
577 2556 688 2637 patent
710 2552 920 2646 plurimorum
943 2555 1097 2632 sensibus,
1121 2577 1157 2620 eo
1180 2557 1376 2622 miseriorem
1392 2577 1457 2622 esse

300 2660 517 2726 condicionem
541 2661 683 2722 nostram
695 2657 837 2740 judicare
853 2658 1011 2736 debemus,
1035 2661 1091 2742 qui
1108 2665 1175 2724 tam
1191 2661 1286 2748 longe
1301 2663 1458 2728 distamus

299 2763 339 2828 ab
363 2785 419 2843 eo,
455 2785 548 2848 quem
579 2766 611 2827 et
638 2763 796 2846 optimum
819 2767 851 2826 et
873 2763 1127 2828 laudatissimum
1150 2769 1183 2830 et
1206 2767 1239 2830 in
1261 2767 1377 2850 primis
1401 2787 1455 2874 ex·-

871 2883 889 2921 *

297 2975 396 3039 laster
419 2973 477 3038 auf
495 2972 562 3037 sich
586 2969 711 3055 hatten)
735 2972 780 3036 sie
809 2972 1007 3050 dermassen,
1044 2971 1108 3037 Got
1137 2974 1197 3038 den
1226 2975 1329 3041 Herrn
1355 2998 1457 3064 ongo·

298 3079 433 3145 aweifelt
455 3101 557 3166 gagen
580 3078 648 3142 sich
672 3078 834 3142 arwechen
857 3078 922 3142 und
946 3079 1075 3158 reitzen,
1099 3079 1155 3142 das
1170 3101 1219 3142 wo
1235 3081 1281 3144 sie
1296 3103 1329 3146 es
1346 3081 1461 3148 mlich-

298 3190 350 3251 tcn
385 3184 587 3261 bedencken,
622 3184 686 3246 und
718 3182 808 3247 nicht
831 3205 866 3246 so
889 3183 1003 3269 hefftig
1026 3184 1194 3249 verblendt
1216 3191 1344 3266 witren,
1382 3188 1461 3252 ineu

297 3291 409 3356 billich
432 3289 529 3354 darob
552 3307 742 3374 grausamen
764 3288 836 3366 solt,
862 3287 954 3352 Danu
978 3309 1010 3352 es
1034 3288 1077 3352 ist
1094 3289 1129 3373 ja
1149 3290 1239 3354 mehr
1255 3291 1340 3356 daun
1358 3293 1461 3378 gwiss,

297 3396 353 3459 das
377 3393 440 3459 Got
464 3394 517 3459 der
541 3389 762 3476 Rechtfertig,
798 3392 884 3456 solch
915 3393 1224 3479 onschuldighldt,
1258 3417 1293 3460 so
1315 3397 1362 3461 sie
1387 3417 1463 3462 ver-

297 3500 422 3586 giessen
444 3548 452 3577 ,
475 3496 649 3562 widerumb
672 3517 733 3559 von
758 3496 830 3562 ineu
855 3497 984 3561 fordern
1015 3499 1118 3562 wirdt.
1164 3497 1238 3562 Und
1271 3502 1465 3588 onmdglich

298 3606 360 3680 ist,
396 3603 450 3667 das
474 3623 505 3666 es
528 3601 604 3665 umb
628 3603 694 3678 sie,
727 3603 790 3667 und
816 3603 883 3668 iren
912 3605 1058 3690 auhang,
1091 3605 1233 3670 endtlich
1257 3608 1318 3672 wol
1341 3608 1463 3674 stehen

296 3715 379 3793 mdg.
404 3707 511 3792 (legen
529 3707 588 3770 den
605 3728 778 3792 gemeynen
797 3709 852 3772 der
864 3707 1091 3793 Christenheyt
1105 3707 1204 3788 feind,
1221 3710 1281 3775 den
1294 3712 1463 3793 Thrakes,

295 3813 339 3876 ist
361 3833 436 3876 man
459 3809 573 3894 hefftig
603 3810 790 3888 verbittert,
823 3811 883 3876 wie
905 3813 978 3895 [80]
1003 3812 1124 3877 billich.
1171 3814 1259 3880 Aber
1280 3837 1312 3880 es
1335 3817 1381 3880 ist
1408 3819 1465 3883 nit

294 3921 333 3982 ztl
355 3919 531 3993 varmdten,
558 3915 637 3979 noch
660 3919 698 3980 ad
721 3917 847 3994 hoffen,
869 3918 925 3982 das
949 3941 1022 3982 man
1046 3919 1226 4007 gltlchselig
1247 3925 1349 4008 gagen
1374 3926 1462 3990 inan

295 4026 393 4087 etwas
415 4023 499 4086 werd
523 4015 700 4102 aullsiiren,
736 4045 771 4088 so
803 4021 881 4108 lang
909 4024 968 4086 wir
1000 4023 1060 4088 mit
1092 4025 1314 4112 demjhenigen
1347 4049 1464 4114 gagen

294 4126 369 4191 ineu
392 4128 536 4204 streiten,
561 4128 626 4192 und
649 4131 688 4193 ait
710 4129 774 4193 feld
797 4129 980 4207 autlaiehen,
1004 4129 1059 4193 der
1084 4129 1175 4195 Gotis
1197 4155 1272 4197 nam
1295 4132 1361 4197 und
1386 4133 1464 4215 ehr,

294 4231 384 4296 nicht
406 4232 574 4317 kleynere,
594 4234 629 4318 ja
652 4240 794 4320 gadssere
816 4235 965 4300 schmach
988 4237 1054 4299 und
1077 4235 1174 4301 laster
1198 4237 1334 4316 anthtlt,
1366 4238 1469 4304 dann

293 4335 371 4400 eben
406 4336 460 4401 der
491 4338 610 4416 ander,
646 4339 706 4402 wie
740 4339 821 4403 oben
852 4343 1011 4424 gndgsam
1043 4339 1177 4404 erclhret
1206 4341 1259 4405 ist.
1306 4339 1383 4406 Und
1411 4365 1470 4408 wo

292 4441 389 4527 glttck
418 4442 457 4506 da
489 4443 557 4507 sein
589 4442 653 4507 solt
678 4442 752 4529 (wie
775 4465 835 4508 uns
857 4444 942 4508 darm
966 4443 1017 4508 die
1040 4444 1154 4510 schrift
1177 4446 1362 4532 vertrdstet)
1388 4449 1472 4514 will
