3172 4958
737 265 780 330 87

238 433 400 502 Contra
421 457 512 517 eos,
536 435 607 522 qui
629 435 821 501 libenter
842 436 1084 522 suscipiunt
1105 459 1289 505 munera.

419 607 473 676 De
494 611 618 675 simia
640 613 679 675 et
702 610 934 689 histrione,
959 633 1025 696 cap.
1053 616 1101 678 12.

267 748 389 834 Cupide
418 751 514 815 vestis
543 751 653 829 simia,
684 749 917 840 confusibiliter
939 755 976 815 ut
1006 752 1129 834 pollute
1157 757 1334 839 cooperiret

179 855 334 939 pudende,
358 877 430 920 cum
452 859 593 922 cerneret
614 856 801 922 histrionem
822 855 894 939 joco
917 856 1042 936 laetum,
1072 859 1215 940 pluribus
1238 861 1331 925 indu-

151 962 297 1026 tmentis
319 961 489 1039 donatum,
523 966 559 1026 ut
588 984 626 1026 ea
649 983 745 1026 manu
775 961 1012 1046 prodigalitatis
1035 961 1227 1044 effunderet,
1259 987 1331 1030 mox

179 1067 219 1132 ad
247 1087 318 1132 eum
349 1087 383 1132 se
405 1067 559 1145 contulit,
589 1072 621 1132 et
650 1071 763 1150 parata
791 1066 984 1131 salutatione
1013 1067 1194 1149 subjunxit:
1227 1071 1333 1134 nescio

178 1175 273 1249 certe,
296 1172 384 1256 cujus
407 1173 648 1238 instaurationis
670 1193 773 1250 causa,
797 1175 864 1236 tam
887 1171 922 1236 in
935 1170 1095 1235 beneficiis
1118 1171 1215 1250 mirae,
1231 1173 1331 1258 largi-

178 1277 257 1344 tatis
271 1276 410 1361 profusa,
434 1277 599 1342 caudelam
611 1277 803 1362 pudibunda
818 1276 952 1341 vilitatis
969 1276 1150 1353 latibulum,
1173 1278 1256 1341 nolli
1272 1299 1331 1341 un·

178 1403 274 1466 quam
297 1383 403 1448 invida
425 1403 497 1448 cum
520 1381 563 1446 sit
587 1382 689 1447 totius
712 1381 866 1447 bonitatis
890 1380 1163 1446 exundantissima
1185 1380 1329 1458 fontana,

138 1508 164 1544 ιο
178 1487 259 1552 mihi
281 1493 397 1552 natum
419 1509 483 1590 uop
506 1487 636 1566 dederit,
664 1488 718 1551 sed
742 1486 906 1570 reliquerit
927 1485 1054 1562 nudam,
1082 1487 1166 1550 unde
1188 1487 1227 1552 ad
1250 1509 1331 1570 opu-

177 1592 300 1656 lentum
324 1591 426 1675 inops,
449 1592 489 1656 ad
510 1591 673 1658 liberalem
697 1613 805 1676 egena,
830 1591 961 1657 audacia
976 1592 1173 1656 necessitatis
1189 1613 1328 1658 accurro.

177 1693 236 1760 Oui
258 1695 331 1772 ille,
355 1696 469 1760 leniori
491 1697 603 1782 lingua
624 1696 721 1760 vestis
753 1695 877 1760 avidam
906 1695 1067 1759 mulcens:
1096 1694 1172 1773 tibi,
1210 1695 1326 1779 inquit,

176 1799 244 1866 haeo
266 1800 394 1865 nuditas
416 1802 519 1866 amica
540 1801 661 1887 grande
683 1801 801 1866 bonum
824 1805 889 1878 est,
924 1822 994 1865 cum
1018 1801 1061 1864 sis
1084 1800 1328 1866 rationabilibus

176 1907 369 1972 conformior
391 1905 538 1983 formata,
566 1927 629 1970 non
655 1905 829 1970 bestialiter
852 1927 924 1970 cum
947 1905 1046 1970 cauda
1069 1906 1122 1969 sed
1145 1910 1214 1971 arte
1238 1907 1328 1990 quasi

135 2031 162 2068 1⁵
175 2011 271 2078 homo
294 2014 446 2075 exornata
474 2011 623 2076 humanis
645 2011 782 2096 gaudeas
808 2010 990 2093 opulentiis.
1036 2009 1200 2074 Nimirum
1222 2009 1328 2074 latent

176 2117 328 2200 quosdam
353 2121 474 2180 naturae
498 2115 658 2193 beneficia,
683 2116 737 2180 sed
765 2115 816 2178 his
838 2114 961 2178 diffusis
983 2115 1098 2199 grandi
1121 2115 1327 2180 liberalitatis

175 2220 297 2304 impetu
320 2220 441 2304 repleta
462 2224 539 2284 sunt
560 2219 675 2286 omnia.
723 2219 874 2283 Attamen
900 2218 982 2301 quod
997 2219 1134 2303 flagitas,
1157 2218 1235 2283 satis
1251 2239 1327 2304 gra-

174 2329 244 2390 tum
268 2325 387 2390 babens
417 2347 493 2390 sane
524 2325 563 2388 do
587 2329 682 2408 atquc
714 2324 818 2389 mellis
849 2325 973 2402 favum,
1007 2325 1090 2406 quod
1114 2323 1251 2388 libenter
1274 2325 1327 2388 de-

176 2449 285 2506 voras,
319 2428 503 2512 superaddo.
557 2428 647 2494 Tunc
675 2428 771 2492 simia
803 2427 949 2492 laetanter
981 2429 1134 2511 susceptis
1169 2427 1328 2492 beneficiis

135 2537 268 2617 cognata
289 2534 408 2619 gratias
431 2555 529 2619 agens
552 2555 588 2598 ac
611 2533 707 2597 nimis
730 2531 992 2619 magnipendens,
1021 2533 1104 2616 quod
1128 2537 1193 2596 tam
1209 2532 1325 2597 libera-

174 2637 249 2702 liter
278 2638 365 2704 ultra
393 2660 489 2722 quam
511 2637 640 2722 petierit
661 2638 843 2712 habuisset,
877 2636 1045 2722 cogitavit,
1080 2642 1116 2701 ut
1146 2637 1181 2702 in
1213 2644 1327 2705 cuncta

174 2765 209 2808 re
239 2743 301 2807 sibi
331 2743 506 2809 necessaria
543 2747 610 2808 tam
640 2742 782 2827 gratioso
812 2741 959 2826 largitori
993 2741 1248 2826 inseparabiliter
1270 2743 1326 2808 ad-

174 2847 315 2913 haercret.
362 2847 420 2912 oui
444 2849 543 2913 dixit:
568 2847 646 2912 setis
659 2847 787 2931 quidem
801 2869 869 2910 mea
879 2869 928 2910 me
944 2846 1134 2911 naturaliter
1149 2848 1188 2912 ad
1204 2852 1236 2913 te
1252 2848 1324 2912 imi-

174 2951 307 3016 tandum
336 2953 514 3036 proprietas
546 2951 698 3030 inclinat,
728 2952 782 3016 sed
812 2952 941 3036 profusa
971 2956 1027 3016 tua
1058 2952 1158 3038 magis
1190 2953 1325 3018 attrahit

133 3076 160 3115 rs
173 3057 375 3142 benignitas;
399 3058 615 3140 quamobrem,
632 3053 743 3134 amice,
760 3057 789 3120 si
804 3057 956 3142 dignaris,
973 3057 1090 3122 servire
1101 3079 1170 3120 sum
1184 3062 1325 3141 paratus.

173 3158 249 3226 Mox
272 3161 343 3226 ille:
369 3163 483 3245 placet,
506 3161 623 3246 inquit,
646 3161 728 3224 mibi
752 3164 816 3225 tam
841 3165 1007 3246 gratanter
1029 3162 1147 3226 donata
1165 3163 1324 3241 comitiva,

172 3265 275 3351 magis
307 3271 414 3330 tamen
449 3270 483 3331 et
505 3267 584 3332 bene
607 3266 798 3332 conveniant
817 3266 907 3349 jocus
931 3273 963 3330 et
993 3265 1092 3330 berta.
1138 3264 1259 3332 Verum
1285 3289 1325 3331 ne

172 3370 299 3454 quando
321 3370 466 3436 fortassis
488 3371 636 3436 dilectam
657 3375 689 3436 te
707 3371 926 3456 vagabundam
944 3375 1068 3454 raperet
1092 3371 1182 3434 dulce
1204 3371 1324 3435 malum

173 3479 206 3540 et
221 3475 303 3541 mals
318 3481 502 3560 computata
517 3477 664 3552 libertam
689 3477 832 3543 dilectori
849 3477 982 3562 largiter
994 3477 1126 3541 donanti
1139 3475 1323 3554 necessaria,

132 3601 159 3638 ao
173 3581 349 3663 conjunctae
378 3582 556 3647 dilectionis
598 3585 631 3648 et
663 3580 827 3662 servitutis
858 3581 966 3646 liberae
998 3581 1171 3646 adhaerebis
1202 3585 1322 3645 catena.

172 3682 249 3760 Qum
281 3685 459 3751 inconsulte
478 3687 546 3770 jam
568 3686 700 3752 subacta
722 3687 813 3752 donis
835 3687 1012 3770 acceptavit
1035 3690 1066 3752 et
1089 3686 1203 3752 stolida
1227 3706 1324 3772 gran-

171 3790 241 3855 dem
252 3787 410 3856 libertatis
429 3812 495 3855 rem
510 3812 574 3854 non
587 3791 703 3876 grandi
716 3813 845 3856 munere
861 3795 917 3856 aut
928 3791 1042 3856 callido
1054 3790 1240 3856 commercio
1250 3812 1322 3873 per-

171 3893 254 3960 didit
269 3899 301 3960 et
316 3896 482 3960 mercatori
500 3915 572 3958 mox
586 3917 619 3960 se
641 3895 786 3960 exhibuit
802 3895 1033 3978 captivandam.
1066 3894 1322 3980 lrretitamergo,

170 4003 287 4065 natura
302 3999 498 4084 dispositam,
521 3999 629 4066 ludere
652 4001 839 4085 quantocius
860 4001 1027 4078 eruditam,
1051 4001 1235 4086 cupiditatis
1258 4022 1324 4065 suae
1424 4059 1440 4080 ,¹

131 4123 157 4163 ae
171 4105 262 4171 ludos
286 4107 432 4191 protinus
454 4107 600 4190 exposuit
630 4129 667 4171 ac
689 4107 755 4170 suis
777 4107 948 4170 commodis
968 4105 977 4141 ¹
1011 4109 1106 4188 atque
1136 4105 1321 4171 oblectatio-

738 4227 756 4269 a

242 4331 256 4386 l
276 4331 635 4401 Andere:·tempestatibns
653 4333 796 4388 delectata
819 4332 898 4388 oder:
917 4331 1096 4388 dilectionem
1116 4333 1317 4390 communibus.
