3172 4962
720 325 793 392 199

170 498 286 566 videre.
332 496 721 585 Euproptersseneceait:
742 499 977 569 difficileestin
989 479 1190 589 reprospera
1204 498 1322 566 amieos

171 605 315 690 probare,
331 605 365 670 in
377 605 617 672 adversaiacile.
643 606 1175 687 QuiadiciturEccles.XXXVII⁰:
1198 609 1322 672 nonest

172 710 310 787 amicus,
343 709 399 794 qui
428 709 497 776 solo
528 712 656 776 nomine
684 713 804 778 amicus
834 717 891 778 est.
937 712 980 778 nt
1001 716 1038 778 ut
1060 711 1140 779 dicit
1159 711 1320 777 Isidorus:

172 815 238 882 rari
259 820 335 880 sunt
356 814 470 895 amici,
499 817 555 901 qui
584 839 684 901 nsque
711 818 751 884 ad
774 818 870 886 finem
898 819 964 884 cari
986 819 1137 885 existunt.
1185 816 1321 895 Quidam

146 919 382 1006 sinterrogavit
404 919 523 999 filium,
556 921 583 986 si
611 921 749 986 amicum
779 922 911 987 haberet
932 922 1067 988 fidelem.
1113 921 1170 986 Oui
1194 921 1249 987 ills
1271 943 1321 986 re-

171 1025 319 1110 spondit,
350 1047 384 1090 se
407 1024 523 1092 habere
544 1031 618 1092 tres.
666 1024 838 1110 Etupater:
870 1026 971 1093 irater
1000 1030 1033 1092 et
1064 1026 1184 1094 amicus
1206 1027 1240 1092 in
1263 1048 1321 1092 an-

171 1130 286 1215 gustiis
315 1131 554 1216 comprobatur,
584 1131 663 1198 vade
692 1153 768 1218 ergo
801 1137 834 1198 et
863 1133 972 1218 proba
1018 1131 1083 1196 ivit
1113 1130 1168 1196 ille
1191 1135 1224 1196 et
1245 1131 1323 1198 tulit

170 1255 301 1320 porcum
328 1256 365 1302 ac
386 1235 555 1302 decollavit
585 1239 619 1302 et
651 1238 828 1320 amputavit
858 1241 954 1320 capnt
984 1241 1016 1302 et
1046 1235 1141 1320 pedes
1171 1235 1322 1320 misitque

171 1340 206 1406 iu
229 1341 377 1406 saeculum
401 1341 507 1406 dicens
528 1341 666 1424 singulis
684 1351 818 1408 'snorum
840 1341 940 1408 trium
962 1341 1151 1407 amicorum:
1174 1361 1244 1406 ecce
1264 1338 1322 1406 ho·

133 1469 159 1508 ιι
172 1445 302 1526 minem,
324 1467 416 1531 quem
439 1446 548 1526 occidi,
571 1450 655 1530 peto,
677 1451 715 1512 nt
737 1446 829 1512 illum
849 1450 941 1512 ceute
958 1446 1102 1529 sepelias,
1125 1467 1166 1510 ne
1179 1446 1212 1510 in
1228 1444 1322 1529 culpa

172 1550 398 1635 deprehendar.
450 1550 512 1628 tlui
547 1573 567 1616 a
597 1551 686 1616 nullo
719 1552 893 1616 amicornm
927 1549 1056 1616 illorum
1089 1553 1234 1634 receptus
1264 1553 1321 1616 est.

172 1655 243 1722 Hac
265 1656 349 1721 enim
376 1656 414 1720 de
436 1675 529 1722 causa
559 1659 650 1741 pater
671 1655 748 1722 feeit
774 1678 846 1721 eum
869 1655 988 1721 amicos
1011 1653 1155 1739 probare,
1179 1657 1211 1719 et
1233 1655 1321 1722 aliud

173 1761 234 1828 sibi
256 1761 434 1845 exemplum
457 1761 600 1826 narravit
621 1762 660 1826 de
682 1761 804 1826 dnobus
827 1760 936 1839 sociis,
968 1781 1102 1844 quorum
1135 1781 1217 1824 unns
1245 1781 1321 1828 con·

173 1866 266 1932 cessit
288 1865 379 1932 alteri
402 1887 552 1950 sponsam
581 1885 669 1932 susm
699 1885 847 1944 uxorem,
879 1866 991 1932 deinde
1022 1863 1163 1950 perrexit
1195 1865 1322 1930 visitare

134 1975 320 2054 reparantes
343 1991 416 2036 suos
440 1976 473 2036 et
495 1971 529 2036 in
551 1971 633 2036 mari
655 1971 764 2036 omnia
786 1970 932 2054 perdidit.
979 1968 1021 2034 Elt
1043 1989 1185 2035 reversus
1208 1970 1248 2035 ad
1270 1991 1321 2034 so·

173 2077 257 2142 cium
280 2097 371 2142 suum
394 2097 459 2142 non
482 2080 531 2142 est
553 2095 648 2140 susus
669 2097 702 2142 se
716 2073 931 2154 manifestare,
953 2075 1008 2140 sed
1024 2074 1208 2158 desperatus
1231 2074 1321 2154 dixit,

174 2203 207 2248 se
228 2181 339 2248 fecisse
361 2180 578 2259 homicidium,
600 2180 684 2264 qnod
707 2201 772 2246 non
795 2178 889 2258 iecit,
911 2182 949 2244 ut
969 2183 1145 2245 moreretur
1166 2179 1235 2264 ipse
1256 2200 1323 2264 prae

173 2285 391 2371 desperatione
412 2291 452 2352 'et
473 2285 676 2363 cantalene,
709 2287 742 2349 et
771 2283 919 2369 cognitus
948 2283 1073 2349 asocio
1106 2303 1163 2368 per
1194 2283 1323 2370 signum

173 2391 255 2457 dixit
277 2391 361 2475 ipse,
392 2413 425 2456 se
454 2389 617 2456 hominem
647 2387 739 2454 illum
762 2387 930 2467 occidisse,
960 2391 997 2451 nt
1019 2387 1139 2453 socium
1162 2387 1322 2454 liberaret.

173 2495 315 2564 Tandem
336 2495 495 2562 homicida
516 2495 576 2560 hoc
598 2493 707 2560 videns
738 2514 772 2559 se
793 2491 1028 2571 manifestavit,
1060 2496 1097 2558 nt
1125 2497 1323 2558 morerentur

132 2632 158 2671 ao
172 2601 228 2666 isti
239 2600 457 2684 inculpabiles.
502 2598 623 2666 Narrat
641 2598 799 2678 Valerius,
821 2599 904 2664 libro
920 2596 984 2664 IV⁰
1006 2619 1073 2681 cap.
1089 2596 1174 2662 VII⁰
1196 2593 1324 2664 devera

173 2703 322 2787 amicitia,
346 2704 517 2772 deduobus
540 2705 649 2771 amicis
671 2704 793 2770 scilicet
814 2703 958 2770 Damone
984 2707 1017 2769 et
1038 2702 1164 2782 Phitia,
1187 2725 1322 2787 quornm

173 2833 271 2876 unum
295 2833 367 2881 cum
390 2809 487 2876 vellet
508 2809 673 2876 Dionisius
694 2813 850 2894 tyrannus
873 2809 1050 2876 interlicere
1072 2812 1104 2874 et
1129 2808 1197 2894 ipse
1221 2809 1323 2894 impe-

173 2921 289 2984 trasset
310 2921 435 3001 tempus
458 2916 499 2982 ab
521 2937 569 2995 eo,
591 2918 629 2980 ut
650 2915 768 2982 rediret
790 2915 918 2980 domum
940 2915 981 2981 ad
1003 2933 1053 2980 res
1075 2935 1148 2980 snas
1170 2913 1321 2980 ordinan-

173 3021 246 3101 das,
278 3019 360 3085 alter
392 3041 467 3085 vero
495 3040 554 3104 pro
586 3019 691 3084 reditu
719 3018 820 3103 ipsius
849 3018 1064 3103 fidejussorem
1086 3040 1120 3083 se
1141 3018 1218 3084 iecit
1239 3019 1323 3084 nihil

134 3157 160 3196 aa
174 3123 324 3191 dubitem
347 3125 385 3189 de
407 3123 517 3190 amico.
563 3121 853 3208 Appropinquante
882 3128 987 3189 autem
1018 3122 1069 3188 die
1099 3122 1239 3189 diffinita
1266 3146 1324 3190 nec

173 3230 231 3295 illo
259 3229 410 3296 redeunte
438 3228 657 3314 unusquisqne
686 3228 778 3292 illum
802 3228 1005 3293 temerarium
1027 3247 1212 3312 sponsorem
1234 3228 1323 3293 dam·

173 3335 282 3402 nabat.
326 3334 387 3402 Ille
409 3356 483 3400 vero
505 3335 543 3401 de
565 3333 660 3400 amici
682 3333 863 3398 constantia
892 3354 926 3399 se
956 3353 1022 3398 non
1045 3336 1185 3398 metuere
1207 3334 1323 3416 praedi-

160 3441 276 3507 cabat.
321 3439 411 3507 Hora
439 3445 545 3506 autem
574 3440 751 3508 constituta
776 3439 859 3505 alter
879 3438 978 3504 venit.
1023 3437 1196 3504 Admirans
1217 3443 1324 3504 autem

173 3551 331 3632 tyrannus
354 3567 463 3610 eornm
491 3545 633 3611 animum
662 3549 696 3610 et
717 3543 893 3611 amicitiam
915 3543 990 3610 fidei
1012 3543 1204 3628 supplicium
1227 3543 1323 3610 remi-

135 3679 161 3718 ιι
175 3651 220 3717 sit
240 3655 273 3717 et
294 3650 421 3736 rogavit
443 3671 511 3730 eos,
542 3655 580 3716 ut
607 3670 641 3714 se
670 3649 705 3714 iu
735 3649 868 3715 tertium
898 3649 1033 3734 madum
1056 3647 1195 3713 sodalitii
1218 3669 1324 3714 secum

174 3756 361 3840 reciperent
406 3753 440 3822 si
462 3755 556 3822 homo
579 3757 624 3822 sic
646 3756 723 3824 facit
744 3777 804 3840 pro
814 3756 952 3834 homine,
975 3755 1052 3840 qnid
1074 3755 1177 3822 facere
1197 3753 1325 3820 deberet

174 3885 233 3952 pro
254 3860 333 3940 Deo,
356 3862 411 3945 qui
433 3882 466 3926 se
487 3862 633 3946 permisit
654 3862 755 3928 occidi
770 3883 828 3946 pro
843 3862 997 3927 homine?
1019 3861 1111 3927 Unde
1126 3858 1210 3926 Eccl.
1227 3859 1322 3928 XlX:

174 3969 312 4058 gratiam
334 3967 526 4052 fidejussoris
556 3967 605 4034 tui
634 3989 700 4034 non
729 3967 943 4046 obliviscaris,
973 3966 1060 4034 dedit
1089 3966 1176 4032 enim
1204 3986 1263 4050 pro
1291 3969 1324 4032 te

174 4097 315 4142 ammam
336 4095 435 4140 snam.

137 4270 162 4310 aa
354 4247 408 4314 De
430 4246 649 4315 osmerillo
672 4252 713 4315 et
734 4248 963 4333 accipitre,
987 4247 1059 4313 dial.
1085 4251 1136 4314 57.

264 4388 452 4456 Osmerillus
473 4393 505 4454 et
526 4387 677 4474 accipiter
698 4388 810 4455 sociati
832 4392 908 4454 snut
936 4393 970 4454 et
991 4388 1129 4473 praedam
1152 4387 1248 4454 simm
1271 4387 1320 4453 di-
