3172 4958
819 337 883 398 114

269 506 345 591 quid
368 507 421 584 sit,
445 525 609 588 nunquam
632 504 748 570 senties
771 526 830 571 nec
853 507 947 570 nosti.
993 505 1045 572 Ad
1061 505 1129 572 haec
1151 507 1208 574 illa
1231 509 1342 586 foenix,
1367 529 1423 573 ve·

269 633 433 678 aereorum
449 631 515 675 non
530 610 643 694 ignara
666 608 798 687 fastidii,
822 614 855 674 et
870 610 1020 693 puritatis
1040 610 1125 676 haud
1143 611 1152 648 ¹
1176 613 1282 678 nescia
1297 612 1423 698 gaudii,

269 717 400 783 minime
423 715 553 781 turbata
574 715 753 799 respondit:
776 715 927 780 nimirum
950 737 1008 780 nec
1030 737 1158 782 avaram
1181 716 1262 780 mihi
1277 719 1335 781 aut
1358 717 1423 780 mi·

270 843 331 888 nus
342 820 515 906 providam,
540 820 604 884 imo
620 820 879 903 circumspectam
897 821 1119 886 universaliter
1142 825 1175 885 et
1190 821 1324 887 amicam
1342 825 1424 905 puto

244 927 429 992 ceratitisse
451 929 609 991 naturam.
652 924 751 990 Totus
766 945 903 1009 namque
925 925 1063 990 mundus
1086 924 1220 990 societas
1242 927 1324 990 mihi
1346 947 1423 990 aua-

270 1031 399 1097 vissima
432 1034 493 1108 cst,
525 1050 722 1113 quocumque
752 1028 916 1107 volavero,
951 1029 1175 1114 conjunctione
1206 1027 1422 1116 gratissima¹

269 1135 454 1221 contiguam
476 1134 598 1218 reperio
621 1138 808 1199 creaturam.
851 1131 1016 1217 Numquid
1047 1133 1277 1217 supercaelestis
1305 1139 1424 1200 natura

270 1240 445 1325 specierum
467 1237 680 1324 singularium
702 1238 931 1304 numerositate
953 1239 1064 1304 dotata
1078 1239 1240 1304 societatis
1254 1240 1423 1305 dulcedine

269 1347 397 1430 privato
418 1347 489 1410 est?
519 1344 624 1410 Absit.
671 1343 721 1407 Ibi
751 1364 886 1427 namque
917 1348 966 1408 est
987 1365 1111 1408 summa
1140 1347 1172 1409 et
1194 1345 1347 1430 gaudiosa
1369 1367 1423 1410 so-

231 1465 256 1502 10
270 1451 383 1528 cistas,
415 1450 472 1514 ubi
503 1449 601 1514 totius
634 1449 749 1533 speciei
777 1448 916 1513 maxima
946 1455 978 1512 et
1007 1449 1123 1513 intima
1144 1451 1260 1516 unitas.
1306 1435 1424 1514 Nonne

271 1557 303 1620 in
330 1555 498 1641 generibus
521 1577 597 1620 sexu
620 1553 730 1620 divisis
760 1555 828 1619 haec
855 1553 1012 1618 naturalia
1044 1553 1204 1618 societatis
1236 1555 1423 1638 conjunctio

269 1660 544 1726 delectabilissime
570 1661 696 1745 agitur,
728 1664 765 1725 ut
787 1659 821 1724 in
845 1680 1025 1724 carneuna
1048 1641 1280 1742 quodammodo
1302 1662 1423 1744 speeies

270 1766 505 1851 singularitatis
528 1765 708 1830 efficiatur?
731 1764 759 1830 Ο
782 1786 878 1849 qnam
899 1764 1010 1843 dulcis,
1036 1786 1130 1848 quam
1154 1786 1279 1830 amoena
1305 1771 1354 1829 est
1369 1765 1421 1829 in·

269 1871 438 1936 divisibilis
461 1871 568 1936 unitas
591 1875 623 1934 et
638 1870 766 1934 virtutis
788 1869 1009 1954 inseparabilis
1023 1869 1190 1934 comitiva!
1213 1869 1329 1955 Igitur,
1347 1871 1423 1954 quia

231 2004 257 2043 rs
271 1975 455 2060 singularis,
477 1997 548 2040 sum
570 1975 673 2058 speeie
696 1974 872 2040 assimilata
894 1972 1090 2052 coelestibus,
1114 1975 1245 2059 gaudeo,
1269 1974 1422 2040 intentis·

270 2079 461 2158 simelaetor,
484 2082 516 2143 et
532 2082 644 2157 totam,
668 2101 731 2144 non
756 2082 878 2162 partem
902 2100 953 2143 me
974 2099 1043 2144 esse
1064 2079 1182 2146 exulto.
1229 2080 1312 2145 Tota
1335 2080 1421 2144 enim

270 2205 341 2262 res,
372 2186 442 2248 tota
468 2184 515 2248 vis
547 2184 581 2247 in
612 2204 663 2248 me
694 2204 758 2248 ana
788 2183 953 2267 omnisque
984 2182 1111 2247 bonitas
1135 2205 1212 2248 meae
1234 2184 1349 2269 speciei
1373 2188 1421 2248 est

270 2290 363 2355 clara.
410 2286 507 2365 Quid,
538 2287 800 2373 sigeuerationis
823 2286 929 2372 lepore
950 2308 1015 2351 non
1038 2287 1146 2366 fruor,
1180 2309 1294 2373 nempe
1324 2289 1421 2354 etiam

270 2393 426 2477 saphirus,
449 2391 552 2469 atella,
576 2391 662 2457 orbis
685 2391 859 2456 etauuua³
884 2413 949 2456 non
972 2399 1127 2476 generant
1151 2413 1209 2458 nec
1224 2393 1331 2456 minus
1348 2393 1422 2457 inde

198 2561 201 2568 .
230 2527 256 2566 ac
269 2498 409 2581 pretiosa
446 2519 479 2561 se
513 2501 638 2580 putant.
699 2495 865 2581 Indignior
901 2498 986 2562 enim
1018 2501 1050 2561 et
1081 2520 1099 2561 a
1132 2498 1236 2582 primo
1264 2496 1420 2563 bonitatis

271 2602 359 2667 fonte
374 2624 431 2687 per
440 2601 730 2668 dissimilitudinem
742 2601 891 2686 elongata
901 2605 1018 2666 natura
1033 2601 1159 2685 quidem
1170 2623 1238 2667 esse
1249 2623 1374 2687 semper
1384 2603 1417 2666 in

270 2707 395 2772 unitate
417 2727 481 2770 non
505 2705 629 2789 potuit,
660 2706 714 2770 scd
744 2727 781 2770 ex
816 2707 969 2772 divisione
999 2707 1181 2772 successiva
1202 2707 1419 2792 generationis

269 2813 309 2875 ad
333 2808 567 2895 perdurandum
589 2809 648 2873 Dei
671 2810 872 2892 providentia
894 2815 942 2875 est
965 2811 1082 2894 adjuta.
1128 2811 1251 2876 Revera
1272 2811 1300 2875 si
1322 2833 1419 2896 gene-

270 2915 403 2980 rationis
420 2917 571 2998 pensatur
587 2913 746 2992 solatium,
770 2935 825 2979 eur
842 2937 905 2979 non
921 2915 1017 2980 etiam
1033 2917 1099 3000 ejus
1112 2914 1328 2981 desudationis
1350 2920 1418 2980 tor-

231 3045 257 3085 sa
271 3017 436 3084 mentum?
461 3019 660 3102 Quamquam
683 3018 768 3082 enim
790 3019 886 3084 foetus
909 3041 972 3085 una
994 3020 1197 3086 instantanea
1212 3020 1421 3086 delectatione

270 3122 463 3206 concipitur,
500 3127 607 3188 tamen
645 3124 881 3190 abominatione
925 3125 1066 3203 fovetur,
1109 3125 1217 3190 labore
1262 3128 1419 3208 portatur,

272 3230 384 3294 timore
416 3233 577 3306 servatur,
616 3229 723 3294 dolore
754 3230 950 3312 parturitur,
990 3230 1224 3313 periclitatione
1262 3230 1419 3314 gignitur,

269 3334 382 3400 foetore
410 3334 569 3411 nutritur,
598 3335 751 3399 servitute
782 3338 933 3418 augetur,
967 3335 1126 3400 anxietate
1156 3334 1302 3420 diligitur
1332 3339 1365 3400 et
1387 3337 1419 3400 in

254 3443 388 3524 ,puncto
411 3460 482 3503 cum
506 3439 644 3504 maxima
666 3440 873 3504 tribulatione
896 3440 1065 3504 amittitur.
1113 3439 1164 3504 An
1188 3437 1271 3503 forte
1295 3443 1331 3505 tu
1353 3440 1420 3506 sola

230 3567 256 3607 ao
270 3543 308 3608 de
336 3543 540 3629 generatione
571 3545 713 3628 gaudes?
745 3545 951 3629 Experieutia
981 3547 1089 3610 disces.
1136 3543 1302 3628 Concipies
1334 3547 1419 3610 euim

270 3647 498 3714 delectabiliter
521 3655 554 3711 et
576 3649 714 3714 letaliter
735 3640 862 3733 paries.¹
898 3649 976 3714 Cum
999 3650 1121 3735 prolem
1146 3649 1318 3727 nutrieris,
1343 3653 1420 3716 tunc

269 3774 337 3817 eam
360 3755 391 3817 te
413 3751 725 3834 percenseamus,
749 3757 782 3817 et
797 3752 843 3818 sic
858 3754 943 3837 paria
960 3754 1159 3819 carissimum
1174 3753 1280 3818 cibum
1295 3755 1419 3820 mortis.

269 3859 336 3922 Ant
359 3877 429 3941 quae
451 3857 557 3942 gratia
578 3858 709 3942 gallinae
730 3862 795 3936 cat,
820 3879 890 3941 quae
913 3858 1017 3941 pullos
1040 3858 1165 3944 genitos
1188 3861 1279 3922 tanto
1303 3858 1420 3922 amoris

268 3965 389 4046 impetu
405 3961 513 4026 fovet?
536 3959 652 4026 Nonne
667 3961 707 4026 ab
730 3963 780 4040 iis,
804 3983 875 4026 oum
898 3961 1064 4041 creverint,
1088 3962 1277 4046 ignoratur?
1300 3959 1418 4026 Parum

230 4070 362 4135 resudat
379 4068 560 4151 jumentum
576 4071 666 4132 vetus
683 4068 742 4132 sub
757 4087 852 4132 onere
868 4070 901 4131 et
915 4071 1085 4151 postquam
1102 4066 1276 4146 lactaverit,
1299 4067 1417 4135 calcem

268 4173 399 4256 patitur.
447 4172 530 4249 Quid
553 4192 630 4256 ergo
652 4193 758 4237 meum
780 4172 931 4258 gaudium
956 4175 1028 4237 eat?
1052 4172 1209 4238 Generare
1231 4193 1282 4237 me
1304 4173 1418 4256 ipsam.

834 4293 852 4333 a

341 4398 353 4452 1
375 4396 499 4453 Ardere:
517 4395 584 4452 hae.
625 4395 642 4448 2
660 4395 785 4452 Andura:
804 4395 979 4467 gravissim.
1025 4397 1042 4452 3
1061 4396 1173 4454 Ardere
1190 4397 1280 4453 lesen:
1299 4395 1419 4454 animus.

1562 1354 1569 1420 l
