3160 4960
811 327 851 388 22

261 521 321 565 nus
345 499 455 566 inflata
477 521 556 566 rana
579 500 759 585 subjunxit:
784 522 853 567 eece
875 507 913 566 tu
934 501 1023 584 loqui
1038 501 1147 566 doctus
1164 521 1197 566 es
1221 503 1253 564 et
1269 521 1329 585 ego
1344 519 1413 563 non

262 607 364 684 docta,
387 607 413 670 si
426 607 537 689 placet,
556 604 802 689 loquacitatibus
817 606 1001 684 innitamur,
1025 610 1062 670 ut
1077 610 1237 690 appareat,
1262 607 1411 670 nostrum

262 710 474 776 abundantius
491 711 561 794 quis
583 710 746 793 loquatur!
778 711 827 774 Ad
852 711 917 776 hacc
939 731 1050 776 corvus
1074 711 1233 775 ruminata
1249 708 1412 774 sententia

262 817 360 880 dixit:
383 837 441 900 ego
464 815 629 880 dumtaxat
651 837 749 899 panea
771 813 837 881 haec
859 817 924 880 scio
938 815 1027 899 loqui
1043 837 1113 899 quae
1129 815 1234 892 didici,
1258 815 1310 878 sed
1328 814 1410 877 bene

170 983 172 988 .
235 941 369 986 ererum
392 925 451 997 est,
474 921 556 1004 quod
581 923 615 984 tu
638 920 743 1004 eloqui
760 921 890 986 minime
906 921 1045 985 didicisti
1062 941 1163 1003 neque
1178 920 1279 1004 ipsam
1293 919 1411 996 emisti,

262 1026 338 1110 quia
360 1025 387 1088 si
410 1026 536 1090 emisses
559 1030 591 1090 et
613 1025 737 1090 erudita
758 1024 888 1102 fuisseS,
915 1047 980 1090 non
1003 1026 1049 1090 sic
1072 1025 1197 1109 eloquia
1218 1024 1411 1088 diffunderes

262 1130 315 1196 aed
338 1133 394 1194 aut
415 1129 584 1213 prudentia
606 1130 763 1208 venderes,
789 1130 993 1195 beneficentia
1019 1151 1072 1194 seu
1096 1130 1238 1194 donares.
1286 1130 1331 1192 at
1353 1127 1411 1191 illa

263 1236 393 1321 garrula
415 1235 537 1318 inquit:
563 1235 655 1298 modo
677 1239 713 1298 tu
735 1236 883 1318 loqueris,
907 1235 958 1300 cui
981 1234 1105 1300 vendis!
1151 1233 1226 1298 Mox
1249 1233 1327 1297 ille:
1351 1231 1410 1297 Sa·

263 1341 375 1426 pienti,
404 1340 520 1426 quippe
540 1340 590 1404 cui
616 1338 696 1404 nihil
712 1339 857 1406 ordinate
881 1344 996 1418 actum,
1020 1343 1069 1404 est
1083 1339 1242 1424 perditum
1264 1345 1297 1403 et
1320 1337 1415 1422 quid-

224 1465 249 1502 ιο
264 1447 340 1531 quid
356 1451 475 1530 aptum,
499 1449 547 1508 est
568 1465 684 1508 carum.
731 1443 805 1508 Nou
830 1445 956 1524 audisti,
984 1444 1066 1528 quod
1083 1448 1251 1529 argentum
1276 1444 1411 1507 electum

265 1553 376 1637 lingua
396 1551 439 1614 sit
450 1551 540 1633 justi,
563 1571 600 1613 eo
616 1536 699 1633 qu'od
715 1547 877 1614 carissima
891 1550 943 1627 sit,
961 1552 1103 1634 'uanique
1119 1550 1200 1633 quod
1214 1549 1267 1612 diu
1291 1552 1413 1610 rectum

265 1660 410 1731 tenetur,
443 1653 603 1718 difficilius
625 1653 796 1738 obligatur.
842 1652 902 1718 Sed
932 1653 1006 1716 dum
1038 1655 1150 1738 lingua
1171 1674 1235 1717 non
1258 1651 1413 1734 loquitur,

265 1764 353 1826 tenet
386 1765 515 1825 rectum.
568 1759 689 1823 Revera
726 1757 842 1824 mentis
879 1761 1047 1843 conceptus
1086 1762 1132 1823 est
1170 1756 1320 1832 verbum,
1358 1752 1415 1816 ubi

266 1888 341 1952 ergo
374 1866 433 1930 hoc
465 1864 560 1928 nimis
591 1863 780 1941 effunditur,
818 1863 976 1928 interdurn
1012 1867 1060 1928 est
1089 1863 1221 1928 rationis
1251 1858 1415 1924 vinculum

227 1989 252 2026 1⁶
266 1971 464 2036 dissolutum.
511 1969 626 2034 Nonne
642 1969 879 2054 multiplicitate
913 1990 1093 2034 sermonum
1109 1968 1282 2032 humanum
1300 1963 1333 2026 in
1350 1961 1414 2026 Ba·

266 2075 388 2140 bilonia
411 2074 576 2138 confusum
600 2080 648 2139 est
671 2075 813 2139 labium?
842 2074 884 2138 Et
907 2075 1020 2139 divinae
1041 2074 1186 2138 ueritatis
1209 2071 1287 2136 tuba
1308 2067 1414 2132 brevi·

267 2161 374 2264 loquio
404 2180 438 2244 in
462 2179 549 2265 Syna
578 2184 704 2244 tantum
727 2181 910 2265 decalogum
934 2185 983 2244 est
1004 2180 1133 2245 locut-el
1162 2177 1213 2241 Ad
1237 2175 1342 2238 minus
1366 2172 1413 2236 lc-

268 2286 427 2370 quendum
451 2305 485 2349 os
508 2285 664 2350 labiorum
684 2287 782 2368 janua
805 2285 962 2350 clauditur
984 2289 1016 2350 et
1031 2286 1147 2350 arteria
1162 2303 1273 2366 aspera
1285 2281 1416 2363 propter

268 2393 327 2457 hoc
363 2391 475 2456 ostiolo
515 2391 745 2468 circumdatur,
784 2391 952 2474 quoniam,
985 2391 1012 2456 si
1043 2411 1103 2454 vox
1130 2387 1257 2471 quidem
1284 2381 1416 2446 verbum

231 2511 255 2549 2⁰
270 2501 317 2560 est
339 2501 371 2560 et
394 2518 457 2560 non
481 2517 593 2574 sonus,
623 2500 750 2579 oportet
773 2496 855 2579 quod
879 2497 1084 2560 meditatione
1106 2491 1321 2576 concipiat-ur,
1349 2487 1416 2550 for·

270 2611 375 2666 metur
398 2601 538 2678 consilio,
563 2601 721 2687 dirigatur
739 2601 858 2686 judicio
883 2608 915 2666 et
937 2607 1009 2685 post
1031 2601 1091 2666 hoc
1112 2621 1170 2666 suo
1192 2603 1260 2666 loco
1283 2613 1315 2672 et
1334 2611 1416 2672 tem-

270 2727 345 2789 pore
375 2706 530 2790 digestum
561 2706 679 2790 apertis
707 2706 741 2769 in
764 2706 892 2770 auribus
915 2707 1082 2790 pandatur.
1128 2708 1273 2796 Quinque
1296 2715 1418 2778 vocales

271 2813 352 2876 datae
374 2817 449 2876 sunt
472 2812 603 2889 bomini,
625 2817 662 2877 ut
684 2833 777 2896 parce
799 2813 1005 2896 loquerentur
1027 2814 1066 2878 ad
1088 2835 1232 2895 sensum,
1257 2823 1352 2901 atque
1376 2819 1418 2884 ob

270 2916 331 2980 boc
352 2917 464 3001 lingua
486 2939 585 2980 unum
617 2921 664 2980 est
686 2915 856 2980 locutionis
878 2918 1125 2982 instrumentum
1155 2926 1186 2984 et
1217 2925 1347 3005 gustus,
1380 2929 1419 2987 ut

232 3051 257 3090 aa
271 3044 371 3106 pauca
393 3022 520 3106 quidem
543 3023 667 3086 ratione
687 3024 883 3105 praegustata
897 3021 1046 3087 dicamus.
1092 3021 1167 3087 Non
1184 3027 1310 3106 audisti,
1334 3029 1418 3111 quod

271 3127 424 3210 scriptum
448 3131 511 3191 est:
536 3130 665 3191 ventum
689 3125 891 3190 seminabunt
919 3129 952 3190 et
974 3125 1134 3192 turbinem
1158 3133 1301 3195 metent?
1333 3131 1418 3208 Quc-

272 3233 357 3298 niam
380 3254 451 3297 cum
474 3233 507 3296 in
530 3232 731 3314 multiloquio
754 3236 916 3315 peccatum
940 3253 1004 3295 non
1035 3231 1135 3308 desit,
1167 3240 1332 3316 procerte
1364 3239 1420 3321 qui

272 3341 366 3401 vento
389 3337 592 3419 loquacitatis
615 3335 804 3414 effunditur,
837 3336 1005 3422 indigestis
1038 3336 1169 3420 prolatis
1201 3340 1310 3403 turbat
1341 3341 1420 3406 alios

271 3447 328 3507 aut
349 3443 506 3506 turbetur.
554 3441 764 3518 Quamobrem
795 3442 936 3524 antiquis
968 3440 1131 3525 prophetis
1154 3461 1277 3526 semper
1299 3443 1422 3527 placuit

234 3577 258 3613 so
274 3567 366 3630 parce
389 3546 485 3628 loqui.
533 3547 595 3624 Qui
616 3547 752 3612 multum
774 3546 926 3631 loquitur,
954 3547 1111 3612 modicum
1134 3547 1275 3612 ruminat
1298 3554 1330 3613 et
1349 3571 1419 3614 ver-

272 3651 347 3716 bum
370 3651 533 3715 occiduum
555 3651 630 3716 binc
652 3657 783 3719 eructet.
831 3653 953 3730 Quibus
977 3652 1069 3717 dictis
1093 3657 1298 3721 secesserunt.

391 3859 468 3925 Dic
491 3882 591 3926 uoce
614 3862 729 3926 tenui
752 3866 791 3926 et
811 3884 887 3947 age
910 3884 992 3927 rem
1017 3866 1109 3928 actu
1133 3863 1293 3948 grandi.

547 4035 602 4100 De
624 4037 745 4101 leone
768 4040 805 4100 et
827 4035 961 4112 asine,
995 4058 1060 4120 cap.
1087 4041 1136 4102 16.

361 4174 500 4241 Leonem
523 4178 626 4242 socius
650 4177 758 4242 asinus
781 4177 968 4244 antecedens
997 4201 1069 4244 cum
1097 4180 1135 4244 de
1157 4178 1252 4265 longe
1274 4179 1422 4264 luporum

236 4305 260 4341 m
274 4287 412 4346 turmam
436 4282 621 4365 adspiceret,
645 4305 718 4346 mox
741 4284 916 4366 palatinam
933 4305 1039 4348 rocem
1050 4288 1139 4348 stans
1154 4285 1251 4368 coepit
1267 4285 1422 4365 emittere,

275 4391 312 4450 ut
334 4387 515 4472 granditate
537 4392 668 4453 ventosa
690 4389 735 4452 sic
761 4388 996 4474 pusillanimem
1020 4412 1097 4475 grex
1120 4389 1266 4454 inimicus
1286 4389 1422 4454 timeret.
