3172 4958
284 1148 524 1244 INCIPIT
564 1149 756 1241 LIBER
796 1146 1130 1242 SECUNDUS
1171 1146 1434 1242 CONTRA

663 1271 1052 1366 SUPERBIAM.

404 1531 460 1596 Dc
483 1531 588 1595 bono
609 1529 875 1596 humilitatis
898 1535 937 1596 et
960 1531 1071 1595 malo
1095 1528 1312 1612 superbiae.

593 1685 648 1751 De
671 1709 760 1752 aere
782 1692 822 1753 et
846 1691 981 1766 terra,
1004 1708 1070 1770 cap.
1096 1688 1124 1751 1.

259 1827 271 1864 ⁵
373 1810 581 1876 Humefactus
604 1831 656 1873 aer
680 1809 717 1874 de
740 1809 909 1874 latitudine
931 1809 1096 1892 corporali,
1122 1808 1267 1872 claritate
1284 1806 1434 1872 substan-

285 1917 355 1982 tiali
379 1920 411 1980 et
434 1914 631 1979 sublimitate
655 1915 748 1979 locali
771 1915 946 1998 spernendo
969 1919 1086 1979 terram
1109 1915 1210 1978 eidem
1233 1913 1356 1977 locutus
1387 1917 1435 1976 est

285 2021 405 2084 dicens:
436 2018 571 2100 utquid
595 2023 630 2081 tu
655 2023 808 2101 punctum
831 2040 964 2101 opacum
988 2039 1111 2101 semper
1133 2019 1278 2083 deorsum
1302 2017 1436 2080 manes?

286 2125 349 2190 Cur
381 2147 443 2187 non
467 2121 627 2185 interdum
650 2122 806 2207 erigeris?
842 2144 938 2204 quare
961 2144 1025 2186 non
1050 2123 1215 2187 dilataris?
1247 2121 1292 2186 At
1315 2122 1371 2185 illa
1401 2121 1434 2184 in

286 2228 449 2313 patientiae
478 2227 680 2291 firmamento
711 2227 893 2290 humilitate
916 2226 1048 2291 fundata
1071 2227 1230 2310 patienter
1254 2225 1433 2310 respondit:

249 2351 273 2388 1⁰
288 2355 347 2419 ego
370 2333 513 2418 quidem,
538 2332 621 2415 quod
644 2331 776 2408 asseris,
799 2331 901 2396 fateor
925 2353 975 2395 me
998 2333 1065 2395 sore
1087 2337 1258 2415 punctum,
1290 2331 1343 2395 sed
1374 2329 1435 2392 hac

287 2447 393 2504 tamen
419 2437 602 2502 modicitate
625 2437 766 2520 punctali
790 2438 930 2520 corporis
953 2437 1124 2500 mundialis
1156 2435 1267 2501 effecta
1297 2434 1432 2499 medium

287 2544 320 2606 in
344 2544 572 2626 sempiternum
595 2543 729 2624 quiesc0‚
755 2563 826 2606 cum
851 2549 906 2606 tua
929 2548 965 2605 tu
985 2564 1107 2626 semper
1122 2539 1343 2624 magnitudine
1358 2539 1435 2600 fluc-

287 2652 374 2722 tuas3
406 2648 489 2711 circa
511 2669 560 2710 me
583 2651 683 2709 totum
709 2647 822 2710 celum
845 2647 1018 2711 revolvitur
1049 2652 1081 2710 et
1103 2645 1210 2709 vitalis
1234 2645 1301 2726 ejus
1325 2642 1434 2706 allatio

287 2773 382 2836 super
405 2771 508 2815 meam
531 2750 739 2815 stabilitatem
765 2752 926 2815 fundatur.
972 2751 1019 2814 At
1041 2773 1112 2814 vero
1128 2749 1279 2840 quoniam
1301 2769 1435 2833 opacum

125 2876 130 2894 ¹
248 2874 272 2910 1⁵
287 2875 357 2918 sum
368 2875 489 2937 corpus,
508 2875 571 2918 non
582 2853 723 2932 effusius,
738 2859 820 2919 uttu
837 2857 856 2933 ¹,
873 2855 1060 2939 quipervius
1071 2877 1112 2932 es,
1129 2856 1193 2918 imo
1203 2855 1359 2918 virtutum
1371 2873 1434 2916 cce·

286 2959 415 3022 lestium
446 2959 602 3023 retentiva
633 2961 869 3042 pretiosissimis
900 2961 1033 3045 gemmis
1062 2966 1095 3024 et
1124 2960 1261 3024 metallis
1290 2979 1359 3022 sum
1382 2957 1435 3020 in·

288 3065 441 3129 trinsecus
464 3065 618 3130 adornata
643 3070 739 3148 atque
770 3067 965 3129 extrinsecus
995 3066 1090 3142 rivis,
1114 3065 1239 3141 herbis,
1269 3063 1372 3127 brutis
1404 3065 1437 3124 et

288 3169 471 3233 hominibus
495 3169 641 3234 decorata
664 3171 753 3252 quasi
777 3171 842 3234 vita
866 3171 1042 3235 viventium
1069 3175 1101 3234 et
1123 3175 1226 3233 mater
1250 3173 1437 3232 cunctorum

287 3272 436 3336 universa
458 3295 528 3356 quse
550 3275 584 3337 in
608 3295 737 3356 corpore
760 3275 888 3352 vivunt,
921 3276 1115 3338 diversorum
1140 3273 1292 3338 bonorum
1318 3271 1437 3354 plenis·

249 3378 381 3441 asinis
407 3377 557 3442 uberibus
579 3379 639 3442 alc.
688 3377 805 3442 Verum
839 3381 914 3463 quia
938 3379 1050 3443 subtus
1080 3380 1187 3444 onmia
1217 3400 1329 3442 ruaueo
1356 3375 1438 3438 nulli

289 3503 428 3562 unquam
452 3480 594 3559 molesta,
618 3481 679 3544 nisi
703 3503 773 3545 cum
797 3505 815 3546 a
837 3487 869 3546 te
892 3505 962 3546 mea
985 3484 1103 3546 viscera
1126 3481 1329 3545 subintrante
1345 3485 1438 3542 terrae

290 3591 376 3648 motu
400 3585 579 3662 concutior,
612 3591 648 3649 ut
671 3587 745 3650 vitas
768 3588 868 3665 loona,
894 3587 1008 3671 quietis
1033 3589 1112 3650 situs
1139 3591 1171 3650 et
1193 3587 1305 3651 salutis
1328 3589 1437 3668 portus

289 3689 405 3752 fixione
438 3695 592 3774 perpetua
621 3691 722 3775 gratis
752 3691 899 3756 omnibus
930 3715 1000 3756 sum
1023 3695 1144 3775 parata.
1192 3691 1240 3754 Tu
1263 3713 1336 3753 vero
1358 3689 1438 3752 situs

289 3817 423 3870 sursum,
447 3817 518 3858 cum
542 3817 580 3858 ex
602 3795 661 3860 hoc
684 3797 722 3860 ad
746 3799 777 3859 tc
799 3797 1025 3860 confluentium
1050 3795 1198 3860 similiter
1214 3815 1365 3878 vaporum
1393 3795 1437 3857 sis

251 3921 275 3958 a
290 3899 355 3963 alta
378 3900 553 3981 petentium
578 3901 788 3983 susceptum,
820 3900 895 3964 hinc
918 3901 1024 3965 densis
1048 3900 1185 3964 nubibus
1210 3900 1293 3963 dulci
1317 3901 1438 3962 lumine

291 4004 429 4068 viventis
443 4005 557 4086 privas
574 4005 650 4069 binc
665 4007 772 4069 letalia
784 4005 919 4070 fulmina
930 4007 1069 4084 mandas
1087 4027 1171 4068 nunc
1183 4003 1436 4068 coruscationum

290 4107 442 4172 vociferas
466 4109 586 4173 emittis
610 4111 759 4194 sagittas,
792 4131 877 4174 nrrnc
900 4111 1057 4175 terribilia
1088 4110 1194 4173 fundis
1218 4110 1369 4187 tonitrua,
1394 4109 1439 4172 sic

290 4217 327 4282 et,
351 4219 516 4277 ventorum
548 4213 607 4278 hoc
629 4215 767 4299 pondere
790 4215 879 4278 vellis
893 4213 923 4293 ⁹,
958 4215 1025 4279 haec
1048 4213 1174 4298 quidem
1198 4212 1364 4296 grandinis
1390 4213 1438 4277 la-

862 4333 877 4366 Ι

363 4404 374 4456 l
397 4403 521 4458 Anders:
541 4405 573 4456 ut
592 4407 624 4457 tn
642 4403 764 4473 perimis.
837 4404 853 4456 2
872 4401 996 4473 Ausgab.
1016 4401 1173 4473 unrichtig:
1192 4401 1281 4457 bellis.
