3146 4962
828 363 893 426 270

289 534 344 618 qui
367 555 432 599 non
455 533 644 620 dedignatus
675 541 723 602 est
753 537 999 602 condescendere
1021 537 1257 614 laborantibus,
1290 541 1324 601 et
1356 537 1445 600 mira

289 639 453 721 patientia,
477 640 532 722 qui
557 662 620 705 non
643 646 691 706 est
709 641 895 726 indignatus
918 642 979 706 sibi
1002 642 1277 706 maledicentibus!

467 813 522 880 De
544 815 820 880 salamandra
843 821 884 882 et
906 817 1056 901 hydro,
1080 816 1153 882 dial.
1180 819 1250 882 116.
1357 779 1359 782 Ι

375 951 580 1020 Salamandra
608 957 658 1018 est
687 976 786 1039 genus
820 954 964 1020 lacertuli
996 956 1062 1019 sive
1100 955 1275 1031 stellionis,
1316 954 1439 1018 animal

262 1056 470 1140 opestit'erum
503 1062 535 1122 et
556 1079 677 1124 summe
707 1079 915 1138 venenosum,
948 1081 1022 1124 nam
1055 1064 1092 1124 ut
1121 1059 1200 1123 dicit
1222 1058 1347 1122 Plinius
1380 1057 1440 1121 lib.
1562 1149 1563 1154 γ

287 1161 395 1226 XXIX
417 1184 443 1228 c.
468 1160 532 1240 IV,
564 1161 687 1227 fructus
712 1161 861 1226 arborum
890 1163 1010 1241 inficit,
1043 1186 1140 1248 aquas
1171 1163 1366 1247 corrumpit,
1400 1183 1440 1226 ex

288 1266 403 1351 quibos
425 1268 452 1330 si
475 1268 545 1351 quis
568 1267 737 1332 comederit
760 1267 809 1332 vel
832 1269 970 1344 biberit,
994 1291 1066 1333 mox
1090 1273 1229 1346 necatur,
1256 1268 1310 1332 sed
1333 1269 1362 1330 si
1384 1289 1439 1331 sa-

287 1371 351 1438 liva
379 1372 446 1456 ejus
476 1372 585 1455 pedem
615 1373 751 1437 hominis
774 1374 933 1458 tetigerit,
962 1377 1065 1438 totum
1089 1375 1251 1438 hominem
1273 1373 1378 1438 inficit
1400 1377 1435 1436 et

288 1477 469 1560 corrumpit.
511 1475 553 1540 Et
575 1478 719 1560 quamvis
745 1479 836 1541 tanta
858 1477 955 1541 sitin
979 1478 1179 1543 salamandra
1201 1479 1248 1543 vis
1271 1478 1394 1554 veneni,
1420 1501 1440 1541 a

249 1605 274 1641 ιο
288 1581 475 1665 quibusdam
507 1587 614 1646 tamen
645 1581 836 1646 animalibus
864 1581 1025 1645 manditur
1049 1583 1116 1646 loco
1139 1583 1211 1647 cibi.
1257 1581 1346 1646 Inter
1369 1603 1440 1645 me-

288 1687 356 1752 dios
378 1687 469 1772 ignes
491 1687 571 1751 vivit
594 1687 662 1752 sola
684 1687 880 1764 animalium,
905 1692 942 1750 ut
963 1687 1041 1751 dicit
1056 1688 1150 1766 idem,
1174 1687 1239 1752 imo
1253 1687 1438 1752 incendium

288 1795 320 1856 et
341 1792 450 1876 ignem
472 1791 656 1877 exstinguit.
704 1790 745 1855 Et
767 1796 816 1856 est
838 1813 938 1877 genus
962 1793 1189 1872 salamandrae,
1220 1793 1308 1876 cujus
1341 1791 1439 1876 pellis

288 1900 337 1961 est
358 1896 470 1961 villosa
492 1902 523 1962 et
545 1897 662 1980 pilosa,
695 1898 778 1960 sicut
799 1897 892 1980 pellis
915 1896 1007 1960 vituli
1030 1897 1164 1974 marini,
1194 1919 1232 1961 ex
1262 1919 1324 1980 quo
1353 1897 1441 1960 fiunt

288 2000 458 2084 aliquando
480 1999 601 2085 cinguli
624 2001 662 2065 ad
679 2020 752 2065 usus
767 2022 887 2085 regum.
928 2001 990 2078 Qui
1006 2005 1077 2085 post
1102 2001 1230 2086 longam
1244 2005 1439 2065 vetustatem

250 2127 276 2165 1⁶
289 2107 322 2170 in
339 2107 446 2192 ignem
459 2106 591 2190 projecti
608 2126 670 2170 non
687 2110 871 2184 exuruntur,
895 2107 949 2171 sed
972 2115 1044 2190 post
1060 2108 1242 2171 diuturnam
1257 2106 1437 2170 inflamma-

288 2213 408 2276 tionem
429 2210 521 2275 illaesi
544 2216 576 2275 et
598 2211 744 2295 purgati,
768 2212 859 2294 quasi
882 2213 1024 2276 renovati
1047 2211 1087 2276 ab
1110 2211 1239 2296 ignibus
1260 2210 1437 2275 extrahun-

290 2321 359 2394 tur,
392 2319 424 2380 et
454 2337 492 2380 er
515 2315 572 2380 illa
593 2315 675 2400 pelle
702 2314 786 2378 fiunt
810 2316 913 2400 'lichni
943 2317 975 2381 in
1000 2316 1200 2400 lampadibus
1232 2321 1264 2380 et
1288 2315 1436 2392 lucernis,

290 2421 345 2506 qui
367 2421 456 2485 nullo
478 2420 624 2484 incendio
646 2424 901 2503 corrumpuntur.
950 2421 1079 2506 Hydrus
1102 2426 1206 2485 autem
1235 2441 1365 2504 serpens
1388 2424 1436 2483 est

289 2527 458 2603 toxicosus,
483 2525 537 2609 qui
559 2525 640 2587 vivit
661 2525 695 2588 in
714 2525 815 2608 aquis,
838 2525 958 2590 habens
983 2526 1123 2609 quinque
1145 2527 1258 2609 capita.
1306 2524 1352 2588 Hi
1375 2525 1437 2588 duo

251 2650 276 2688 πο
289 2631 520 2714 praeliabantur
543 2629 647 2706 simul,
671 2629 723 2692 sed
748 2651 818 2694 cum
841 2630 1039 2694 salamandra
1062 2629 1245 2694 vincebatur
1267 2630 1308 2694 ab
1320 2628 1434 2713 hydro,

290 2736 476 2820 projiciebat
508 2755 541 2798 se
574 2734 608 2797 in
640 2734 766 2819 ignem,
801 2737 838 2798 ut
872 2734 1025 2798 evaderet.
1072 2732 1151 2797 Oum
1181 2739 1287 2798 autem
1317 2733 1438 2819 hydrus

290 2839 475 2904 vincebatur
497 2838 745 2916 assumenda,
765 2837 908 2920 jactabat
930 2861 963 2902 se
979 2839 1013 2902 in
1028 2859 1152 2921 aquam,
1174 2837 1281 2922 sicque
1304 2859 1337 2902 se
1360 2859 1437 2902 con·

290 2945 459 3009 servabant
482 2964 540 3008 nec
556 2942 755 3021 corruebant,
779 2943 935 3007 dicentes:
958 2943 998 3006 ad
1022 2944 1150 3006 domum
1177 2943 1231 3025 qui
1254 2944 1435 3018 revertitur,

291 3071 354 3114 non
376 3048 462 3134 fugit
484 3069 541 3113 nec
564 3047 747 3111 conteritur.
794 3045 845 3111 Ita
867 3051 967 3112 etnos
983 3052 1147 3132 protegere
1162 3046 1319 3110 debemus.
1358 3047 1437 3112 (lum

252 3175 277 3214 aa
292 3155 518 3241 impugnamur
548 3153 588 3218 ab
611 3152 747 3216 inimicis
777 3152 986 3236 internatibus
1017 3152 1055 3216 de
1078 3153 1152 3236 igne
1174 3151 1438 3235 concupiscentiae

291 3264 323 3325 et
346 3261 488 3337 luxuriae,
513 3259 661 3324 debemus
686 3279 741 3321 nos
765 3257 916 3341 projicere
938 3257 972 3320 in
996 3279 1093 3341 aquas
1115 3257 1273 3321 castitatis
1296 3261 1329 3320 et
1345 3278 1436 3320 mun-

291 3366 387 3431 ditiae.
431 3365 511 3430 Cum
541 3366 645 3428 autem
669 3363 895 3447 impugnamur
925 3363 962 3426 de
984 3385 1067 3446 aqua
1088 3362 1271 3446 cupiditatis
1305 3367 1338 3426 et
1361 3383 1433 3426 ava·

291 3472 390 3548 ritiae,
419 3471 567 3535 debemus
597 3489 655 3532 nos
684 3469 804 3551 jactare
835 3468 870 3531 in
900 3469 1007 3552 ignem
1037 3469 1181 3532 caritatis
1211 3473 1244 3531 et
1266 3465 1434 3553 largitatis,

291 3575 435 3658 exemplo
457 3574 620 3640 columbae.
667 3573 800 3657 Legitur
831 3573 957 3656 quidem
988 3573 1025 3636 de
1047 3572 1298 3657 proprietatibus
1321 3573 1434 3646 avium,

252 3681 375 3764 eoquod
398 3684 474 3744 sunt
496 3680 624 3764 quidam
646 3678 830 3761 accipitres,
863 3679 917 3761 qui
939 3699 1011 3742 aves
1042 3699 1108 3742 non
1130 3678 1283 3760 rapiunt,
1312 3677 1376 3742 nisi
1404 3669 1436 3738 iri

291 3791 371 3864 edre,
393 3790 427 3851 et
449 3787 578 3870 quidam
601 3789 686 3862 sunt,
710 3785 765 3868 qui
788 3806 851 3849 non
876 3784 1006 3868 rapiunt
1028 3805 1080 3847 eas
1104 3783 1167 3846 nisi
1189 3781 1223 3846 in
1237 3787 1333 3846 terra.
1380 3781 1436 3846 Co-
1561 3769 1563 3798 l

291 3892 400 3956 lumba
424 3913 497 3956 vero
520 3891 708 3956 naturaliter
732 3890 790 3954 hoc
811 3890 974 3974 cognoscit
1003 3894 1035 3952 et
1065 3888 1152 3965 ideo,
1183 3889 1211 3951 si
1233 3887 1368 3973 fugatur
1400 3885 1439 3952 ab

291 3997 441 4080 accipitre
463 3997 607 4081 rapiente
628 3996 662 4059 in
686 3998 766 4074 ae‘re,
789 3994 900 4058 statim
923 3993 961 4058 ad
985 3998 1102 4057 terram
1125 4013 1158 4056 se
1181 3991 1298 4076 dejicit,
1323 3993 1440 4056 sivero

292 4102 332 4168 ab
355 4102 505 4185 accipitre
528 4101 670 4184 rapiente
692 4101 724 4164 in
749 4105 851 4172 terra,
884 4100 918 4162 in
941 4102 1010 4162 abre
1033 4118 1066 4161 se
1088 4101 1177 4161 tenet
1200 4100 1232 4160 et
1255 4096 1300 4161 sic
1323 4096 1438 4160 evadit.

254 4226 280 4265 a
295 4207 346 4272 Ita
368 4215 400 4271 et
423 4228 480 4272 nos
504 4206 668 4290 ingenium
691 4204 806 4269 habere
828 4204 976 4269 debemus
998 4205 1110 4266 contra
1132 4201 1314 4285 accipitrem
1340 4199 1441 4264 infer·

293 4313 408 4390 nalem,
432 4313 487 4394 qui
508 4310 605 4376 habet
627 4309 715 4374 mille
736 4313 820 4374 artes
843 4309 985 4374 nocendi.
1032 4307 1123 4373 Unde
1149 4305 1317 4370 Paulinus:
1340 4305 1442 4369 hostis

295 4420 421 4496 noster,
445 4417 495 4480 cui
518 4419 594 4480 sunt
616 4415 705 4480 milla
727 4419 811 4480 artes
834 4415 978 4492 nocendi,
1002 4417 1068 4478 tam
1091 4411 1188 4477 variis
1210 4411 1440 4499 expugnandus
