3146 4962
792 259 857 324 200

245 433 411 512 videbant,
445 455 517 500 cum
547 434 757 501 venabantur.
813 433 955 512 Quadam
987 440 1093 502 autem
1123 439 1190 504 vioe
1221 440 1398 522 rapuerunt

247 539 387 625 qnaliam
417 544 509 626 extra
529 541 651 608 nidum.
699 541 815 620 Qualia
837 546 886 627 est
908 541 975 607 avis
998 545 1141 628 quaedam
1174 549 1207 610 et
1239 543 1400 608 dieitura

247 644 349 730 qualis
371 644 421 710 vel
445 645 561 710 dicitur
582 646 690 730 qualia
712 668 826 727 avoco,
851 669 948 732 quam
971 647 1058 728 facit,
1080 650 1202 716 scilicet
1224 669 1397 735 quoquere.

246 749 331 816 Huic
353 750 517 816 dixerunt:
541 752 623 838 elige
645 753 707 818 tibi
728 775 838 832 unum,
862 756 918 818 aut
940 752 988 819 vis
1012 754 1096 838 quod
1120 759 1153 820 te
1178 755 1278 821 solam
1307 773 1398 818 man-

221 856 420 920 uducemus‘?
450 855 518 921 Aut
547 857 594 922 vis
617 879 675 922 nos
698 857 868 942 perducere
890 859 930 923 ad
952 858 1081 940 nidum,
1111 863 1149 924 ut
1171 865 1204 925 te
1226 881 1299 932 cum
1321 857 1397 922 filiis

248 962 435 1046 epulemur?
457 960 577 1037 Quibus
602 963 709 1048 qualia
731 964 793 1028 ait:
815 963 971 1049 angustiae
994 963 1073 1028 mibi
1095 970 1171 1030 sunt
1190 964 1340 1047 undique,
1365 966 1398 1026 et
1526 1021 1532 1032 .

248 1066 324 1152 quid
347 1065 472 1152 eligam,
496 1068 625 1154 ignoro3
650 1071 704 1134 sed
733 1069 811 1134 mihi
843 1068 956 1135 melius
986 1074 1051 1149 est,
1076 1071 1176 1137 solam
1199 1069 1337 1136 incidere
1362 1068 1397 1130 in

248 1171 394 1238 manibus
412 1171 532 1254 vestris,
556 1196 651 1258 quam
665 1197 737 1240 cum
753 1175 827 1239 filiis
838 1175 979 1240 interire.
1017 1175 1062 1241 Et
1076 1164 1250 1259 antequam
1261 1195 1332 1240 eam
1342 1173 1399 1256 ju·

247 1276 381 1361 gulavit,
405 1278 537 1362 loquuta
552 1284 600 1344 est
615 1280 737 1345 dicens:
759 1281 872 1345 melius
888 1284 947 1359 est,
971 1282 1129 1347 sustinere
1147 1281 1278 1357 malum,
1302 1299 1401 1361 quarn

209 1410 235 1446 ιο
248 1384 337 1468 pejus
360 1383 484 1450 habere.
530 1384 582 1450 Ita
614 1389 646 1450 et
678 1405 735 1450 uos
759 1387 902 1471 exemplo
934 1386 1047 1470 qualiae
1069 1407 1141 1450 cnm
1164 1385 1305 1470 pericula
1327 1405 1402 1448 eva-

250 1486 321 1553 dere
344 1509 409 1553 non
431 1509 608 1573 possumus,
628 1511 751 1574 semper
772 1489 878 1554 minus
901 1490 1083 1576 eligendum
1106 1495 1154 1555 est
1173 1491 1266 1575 juxta
1281 1489 1403 1554 dietum

249 1593 419 1678 sapientis:
457 1594 495 1659 de
527 1595 648 1660 duobus
681 1595 775 1661 malis
808 1596 913 1660 minus
948 1595 1127 1681 eligendum
1162 1601 1219 1662 est.
1274 1595 1404 1680 Eligere

250 1699 337 1764 enim
359 1699 506 1765 debemus
528 1700 635 1783 potius
658 1700 740 1765 mori
770 1721 828 1785 pro
861 1701 1024 1784 republica
1058 1723 1153 1786 quam
1184 1722 1241 1786 pro
1272 1701 1407 1786 propria

250 1804 355 1869 vivere
380 1803 530 1870 utilitate.
576 1805 669 1870 Unde
700 1805 800 1870 refert
821 1804 957 1892 August.
988 1806 1026 1870 de
1057 1806 1114 1872 civ.
1138 1805 1213 1884 Dei,
1244 1805 1327 1870 libro
1358 1804 1405 1884 1⁰,

213 1934 238 1973 rs
252 1908 337 1993 quod
365 1930 436 1974 cum
461 1909 585 1975 Marcus
609 1909 751 1996 Regulus
782 1911 926 1996 captivus
959 1909 1317 1997 aGarthaginiensibus
1348 1910 1406 1975 de-

252 2014 409 2080 tineretur
431 2018 464 2079 et
485 2013 622 2080 Romani
643 2017 761 2082 multos
788 2016 826 2082 de
848 2015 1042 2102 Carthagine
1064 2016 1243 2082 detinerent
1261 2017 1406 2101 juvenes,

252 2119 367 2182 missus
398 2123 447 2182 est
477 2119 580 2186 dictus
602 2119 745 2208 Regulus
768 2119 903 2186 Romam
936 2142 994 2204 pro
1017 2121 1264 2187 commutatione
1289 2123 1406 2188 fienda.

252 2221 357 2302 Jurat,
381 2224 465 2309 quod
487 2225 612 2306 rediret,
636 2227 663 2292 si
687 2227 893 2292 commutatio
915 2227 985 2292 fieri
1007 2247 1073 2292 non
1093 2229 1208 2312 potest.
1254 2227 1317 2305 Qui
1331 2249 1406 2292 cnm

253 2327 387 2393 Romam
410 2331 566 2410 venisset,
598 2352 693 2415 supra
722 2331 807 2396 dicta
833 2330 903 2396 fieri
937 2331 1104 2411 dissuasit,
1137 2352 1174 2396 eo
1202 2331 1284 2415 quod
1308 2353 1406 2395 senex

215 2457 240 2496 ao
254 2441 337 2501 esset
359 2441 392 2501 et
414 2458 526 2521 parurn
549 2437 653 2502 vivere
675 2441 791 2522 posset,
814 2436 864 2500 illi
888 2441 994 2502 antem
1012 2437 1143 2521 juvenes
1167 2435 1269 2502 multa
1291 2437 1405 2520 proelia

254 2541 406 2607 Romanis
429 2543 531 2608 adhuc
552 2544 682 2626 possent
704 2561 837 2605 movere.
883 2539 926 2606 Et
947 2561 1018 2606 cum
1039 2545 1215 2626 rogaretur,
1238 2544 1275 2605 ut
1290 2540 1405 2606 saltem

254 2651 449 2726 remaneret,
481 2647 664 2712 nullatenus
686 2646 853 2729 acquievit.
901 2646 1037 2712 Rediens
1061 2667 1138 2732 ergo
1161 2645 1280 2710 crudeli
1301 2649 1405 2711 morte

255 2750 387 2816 interiit.
434 2750 522 2816 Utile
544 2750 671 2834 quidem
693 2772 854 2816 remanere
876 2752 939 2818 sibi
962 2751 1083 2831 fuisset,
1110 2751 1163 2816 sed
1186 2755 1318 2836 propter
1336 2751 1405 2835 jua-

252 2854 423 2940 jurandum
448 2877 511 2921 non
534 2855 647 2922 fuisset
668 2857 837 2923 honestum
867 2861 899 2922 et
928 2862 1059 2944 propter
1087 2856 1262 2942 utilitatem
1286 2855 1405 2922 Roma·

216 2993 242 3034 n
255 2981 370 3026 norum
392 2981 457 3026 non
481 2960 594 3027 luisset
615 2962 705 3028 utile.

288 3134 347 3200 De
370 3136 638 3224 carflancho,
662 3138 731 3222 qui
753 3139 894 3204 voluit
916 3159 960 3204 se
983 3136 1196 3223 regulari,
1221 3137 1296 3202 dial.
1320 3140 1372 3202 58.

344 3279 546 3346 Oarllanchus
576 3283 623 3345 est
652 3281 718 3346 avis
749 3280 864 3345 similis
894 3278 1011 3345 falconi
1035 3281 1149 3364 potens
1175 3282 1208 3343 et
1236 3277 1406 3342 virtuosus.

256 3383 318 3449 Hie
340 3384 374 3448 in
393 3385 562 3468 juventute
584 3383 685 3449 voluit
707 3404 741 3448 se
762 3383 911 3469 regulari,
935 3383 1012 3447 dum
1034 3380 1207 3446 virtutibus
1231 3381 1403 3466 praefulge-

256 3492 315 3569 ret,
338 3488 390 3554 sed
414 3489 529 3555 timore
552 3489 746 3555 austeritatis
762 3491 908 3575 regulare
925 3487 1053 3552 distulit
1068 3487 1191 3552 dicens:
1215 3487 1307 3552 credo
1323 3487 1407 3571 quod

219 3623 244 3662 so
257 3615 322 3660 non
345 3598 457 3680 potero
475 3595 629 3679 jejunare,
653 3616 782 3682 surgere
804 3596 845 3661 ad
866 3594 1071 3673 matutinum,
1096 3593 1276 3658 castitatem
1300 3596 1408 3660 tenere

257 3703 290 3765 et
311 3701 509 3766 voluntatem
540 3695 703 3786 propriam
724 3702 890 3788 abnegare.
936 3699 979 3764 Et
1008 3699 1083 3783 quia
1112 3699 1230 3764 bonum
1260 3720 1325 3763 non
1357 3701 1407 3763 iu-

257 3807 383 3872 choavit
404 3806 737 3892 timorepoenitentiae,
760 3828 825 3872 non
840 3806 920 3872 bene
936 3803 1095 3882 mediavit,
1119 3803 1184 3869 imo
1198 3803 1281 3868 male
1296 3803 1405 3869 finivit

259 3913 379 3980 dicens:
411 3914 465 3996 qui
488 3913 608 3978 bonum
629 3935 695 3998 prae
716 3913 830 3979 timore
853 3933 915 3977 nou
939 3911 1027 3990 facit,
1050 3907 1136 3996 perit
1158 3929 1230 3973 cum
1252 3928 1403 3974 mosrone.

168 4017 170 4022 ’
258 4017 310 4083 Sic
332 4017 416 4082 enim
439 4017 533 4083 multi
556 4020 691 4104 cupiunt
713 4019 879 4085 convolare
902 4015 942 4082 ad
964 4016 1101 4102 gratiam
1121 4014 1191 4094 Dei,
1214 4013 1269 4079 sed
1291 4014 1410 4081 timent

220 4149 245 4188 aa
259 4145 365 4189 carere
387 4123 507 4190 deliciis
530 4125 649 4191 muudi.
694 4123 851 4190 Provocat
872 4121 1000 4207 qnidam
1023 4141 1111 4186 amor
1134 4116 1263 4198 Christi,
1287 4119 1341 4184 sed
1357 4141 1408 4184 re-

259 4231 351 4292 vocat
382 4229 539 4314 cupiditas
569 4231 684 4297 saeculi.
736 4229 829 4296 Tales
862 4229 946 4294 enim
976 4227 1080 4293 solent
1107 4226 1224 4291 dicere:
1258 4225 1408 4288 servirem

260 4334 397 4399 libenter
421 4333 506 4418 Deo,
539 4337 676 4402 libenter
698 4337 852 4402 intrarem
875 4334 1081 4420 religionem,
1104 4329 1159 4396 sed
1184 4329 1290 4410 timeo,
1323 4331 1409 4414 quod
