3160 4960
815 325 855 388 10

262 500 354 581 porto
369 494 531 560 subtiliter
546 495 638 562 fenne
655 498 742 564 rabie
757 499 984 565 circumdatum
999 519 1073 564 mox
1088 499 1224 565 latenter
1233 503 1417 584 efferasset

262 622 298 665 ac
320 600 470 664 simulata
492 605 593 665 morte
618 603 856 687 versis'quidem
871 604 980 682 oculis,
1005 603 1190 670 mandibula
1204 604 1303 688 lapsa,
1327 604 1412 670 collo

261 705 369 783 fluido,
381 705 523 770 anhelitu
536 705 645 770 furtim
656 711 768 784 tracto,
782 709 858 792 pede
866 714 965 786 tenso,
976 709 1074 774 cauda
1083 730 1190 792 speres
1199 713 1231 775 et
1239 709 1415 774 calliditate

263 814 356 876 tenta
378 813 476 876 totius
493 813 631 896 corporis
647 811 797 879 societate
812 814 936 891 diffusa,
961 819 997 879 ut
1014 814 1253 878 dissolutionem
1269 815 1415 900 regitivrc

236 916 391 981 sununs
419 916 607 982 mentiretur
629 917 727 982 livida
749 918 837 983 fraus
859 919 1003 988 viventis.
1052 919 1126 984 Hae
1149 920 1303 984 nimirum
1326 939 1413 1002 quae-

261 1043 335 1086 rens
358 1021 463 1086 cibum
487 1021 590 1086 carnis
613 1025 678 1086 tam
691 1023 782 1089 avide
802 1029 870 1088 arte
885 1024 972 1108 picta
987 1029 1019 1090 et
1035 1025 1166 1108 vulpina
1180 1023 1290 1090 fraude
1307 1045 1416 1090 coram

262 1124 436 1190 subdolose
446 1126 588 1210 ingessit,
602 1147 736 1211 cumque
745 1149 856 1192 corvus
865 1128 1050 1192 simulatum
1057 1129 1189 1194 cadaver
1194 1128 1330 1212 jacentis
1341 1149 1414 1192 mox

262 1229 352 1314 uigili
391 1228 483 1294 ianuis
521 1231 611 1296 oculo
648 1231 857 1316 adspexisset,
896 1233 992 1297 arinis
1031 1232 1165 1298 fallacia
1200 1254 1264 1299 non
1309 1235 1415 1298 minus

263 1336 394 1399 minime
417 1336 527 1400 doetus
549 1336 660 1400 stetim
682 1359 794 1420 parum
825 1337 936 1421 procul
966 1359 1062 1421 supra
1092 1336 1268 1416 descendit,
1302 1342 1339 1403 ut
1368 1338 1416 1402 sic

227 1453 252 1490 ¹⁰
266 1441 363 1525 prius,
386 1441 412 1504 si
436 1439 561 1504 dolosus
584 1445 676 1517 esset,
698 1441 881 1520 addisceret,
906 1464 1002 1527 quem
1024 1464 1063 1505 ex
1080 1442 1251 1526 improviso
1267 1443 1414 1508 callidior

264 1549 368 1610 rostro
390 1544 552 1609 sitibundo
575 1545 692 1612 feriret.
742 1545 859 1610 Verum
881 1549 957 1630 quia
979 1547 1046 1610 vita
1070 1546 1176 1612 minus
1190 1549 1365 1613 occultatur
1381 1547 1415 1612 in

264 1655 406 1732 pectore,
438 1650 493 1714 ubi
514 1649 674 1716 flabellum
695 1651 809 1734 jecoris
839 1651 1074 1735 pracordialem
1104 1672 1218 1736 rogum
1243 1651 1417 1718 eventilare

264 1777 329 1819 non
346 1758 455 1833 cessat,
479 1755 557 1818 satis
570 1755 603 1820 in
625 1757 812 1822 anatomicis
833 1757 975 1823 eruditus
997 1757 1136 1842 primum
1160 1757 1318 1822 effusitivs
1343 1778 1416 1823 cor·

264 1861 350 1946 poris
373 1859 485 1924 vitalia
509 1860 679 1944 diligenter
701 1863 869 1946 perspexit,
894 1883 930 1928 ac
952 1863 999 1928 sic
1010 1867 1159 1946 percepta
1174 1863 1257 1926 rima
1271 1883 1416 1926 necessa·

227 1973 252 2012 1⁶
265 1965 306 2028 rii
328 1967 432 2028 molus
455 1962 577 2043 fraude,
600 1986 655 2030 ore
676 1971 803 2050 sumpto
826 1966 937 2050 lapillo
956 1987 1051 2050 super
1066 1987 1176 2030 eurem
1187 1966 1324 2050 jacentis
1340 1987 1417 2050 pro·

262 2069 375 2154 Jiciens
399 2069 497 2136 dixit:
527 2070 607 2136 scito
629 2092 692 2136 non
716 2072 821 2136 minus
844 2071 960 2137 vidisse
982 2072 1149 2138 corvinum
1172 2070 1297 2136 oculum
1320 2091 1415 2154 quam

266 2174 443 2258 vulpinum.
490 2174 573 2240 Nam
606 2176 634 2239 si
663 2179 737 2240 tuus
760 2175 921 2240 subtiliter
943 2175 1097 2259 mmperit
1119 2174 1236 2240 famem
1258 2195 1361 2238 meam
1384 2179 1419 2240 et

267 2301 356 2345 meus
378 2281 487 2348 oculus
511 2281 645 2345 rimatus
668 2282 716 2344 est
737 2279 880 2345 fraudem
903 2284 1003 2357 tuam,
1027 2279 1081 2344 sed
1103 2283 1139 2344 nt
1162 2279 1298 2362 amplius
1314 2278 1416 2344 dicam

267 2385 385 2469 pluries
408 2385 473 2450 fodi
496 2385 623 2450 oculum
645 2383 690 2447 sic
708 2383 854 2467 jacentis.
900 2381 950 2448 Ad
981 2384 1048 2448 brec
1072 2383 1189 2467 raptim
1214 2382 1345 2448 collecta
1367 2404 1417 2448 re-

229 2497 255 2536 20
269 2489 411 2572 spondit:
435 2510 555 2574 egoque
577 2487 691 2572 saepius
713 2490 787 2553 laeta
808 2486 924 2552 collum
948 2487 1037 2552 teum
1061 2487 1288 2553 descendentis.
1325 2487 1418 2552 Tunc

268 2614 378 2657 corvus
395 2593 576 2676 subjunxit:
601 2592 727 2676 utquid
744 2595 802 2657 hoc
824 2592 927 2657 facere
942 2592 1095 2657 voluisti?
1119 2596 1154 2656 tu
1169 2593 1253 2657 torte
1272 2593 1419 2678 putabas,

268 2699 374 2762 minus
390 2719 440 2762 me
451 2699 567 2762 sentire
581 2696 738 2761 esuriem?
762 2697 841 2762 Cum
856 2699 889 2761 et
904 2697 1006 2782 magis
1022 2697 1043 2776 ¹,
1061 2719 1136 2762 nam
1152 2697 1282 2781 crapula
1296 2701 1419 2781 gravat,

268 2801 422 2867 sobrietas
438 2802 548 2880 elevat,
572 2801 708 2866 ebrietas
730 2802 818 2866 tollit
832 2809 971 2866 mentem
995 2802 1161 2887 magisque
1182 2805 1264 2866 utte
1286 2823 1419 2886 arguam

268 2907 365 2971 nimis
388 2907 532 2972 obfuscet
555 2907 756 2992 prudentiam
780 2907 868 2970 fraus
898 2906 1078 2971 furibunda
1126 2907 1172 2971 At
1202 2905 1259 2972 illa
1289 2906 1420 2990 querulo

231 3019 255 3059 ’ὃ
270 3012 367 3076 dixit:
392 3012 508 3076 dudum
532 3012 599 3076 hscc
621 3011 726 3090 didici,
750 3012 804 3076 sed
826 3013 897 3096 plus
919 3013 1004 3090 novi,
1029 3012 1112 3096 quod
1135 3012 1325 3096 quandoque
1346 3010 1421 3074 dor·

269 3117 364 3182 mitat
381 3117 480 3184 bouus
504 3116 660 3182 Homerus
679 3117 711 3181 id
727 3121 774 3182 est
790 3117 1006 3201 philosophus.
1053 3113 1138 3182 Nam
1153 3136 1218 3180 non
1233 3137 1357 3200 semper
1368 3115 1420 3178 in·

269 3223 398 3308 genium
414 3223 526 3288 rutilat
541 3243 598 3286 nec
619 3223 688 3305 pari
711 3222 804 3286 modo
827 3223 943 3286 mentis
968 3221 1114 3286 validitas
1137 3225 1186 3285 est
1201 3223 1418 3304 semperapta.

270 3327 377 3393 Minus
404 3327 531 3412 quidem
565 3333 711 3392 curantes
744 3327 877 3392 scientia
907 3326 1032 3410 praediti
1063 3325 1228 3409 perierunt
1259 3326 1365 3410 plures
1387 3327 1421 3389 et

270 3454 383 3517 parum
405 3433 513 3516 gnaris
537 3453 618 3517 eaepe
640 3433 807 3517 diligentia
829 3433 914 3496 salus
938 3431 1012 3496 fuit.
1058 3431 1110 3497 Sic
1136 3451 1266 3516 serpens
1289 3430 1422 3495 callidus

231 3544 257 3583 ⁸⁰
270 3538 468 3623 negligentia
491 3540 587 3622 periit
602 3543 634 3602 et
656 3561 725 3602 mus
740 3538 910 3623 vigilantia
924 3537 1079 3622 ungulam
1094 3535 1243 3621 murilegi
1258 3534 1422 3599 astutioris

270 3644 393 3728 effugit.
439 3644 491 3708 An
515 3643 638 3708 frustra
655 3643 774 3727 jacitur
796 3647 863 3708 rete
885 3647 960 3707 ente
983 3643 1090 3708 oculos
1106 3641 1346 3726 pennatorum?
1369 3637 1424 3702 sed

270 3748 298 3812 si
321 3749 456 3814 volueris
485 3771 535 3813 me
558 3749 617 3812 tibi
640 3747 761 3812 fraudis
791 3747 920 3831 laqueos
951 3747 1139 3820 tetendisse,
1174 3745 1257 3809 disce
1288 3745 1322 3808 in
1351 3743 1422 3819 hoc,

271 3853 420 3936 quoniam
444 3854 527 3917 inter
550 3853 649 3931 iures,
680 3874 750 3916 cum
772 3851 968 3936 possibilitas
992 3852 1114 3928 aderit,
1149 3869 1214 3913 nou
1248 3853 1297 3915 est
1333 3847 1421 3912 fides.

271 3956 359 4022 Vade
382 3957 483 4041 igitur
504 3961 537 4022 et
552 3957 650 4021 donec
664 3955 807 4020 mortalis
825 3977 868 4034 es,
893 3978 1017 4040 semper
1031 3956 1109 4020 time
1124 3958 1157 4020 et
1173 3953 1292 4038 ubique
1307 3954 1425 4018 timens

230 4064 256 4102 ³⁶
272 4061 516 4144 circumspectus
538 4062 700 4126 attendes!
724 4060 792 4137 Quo
815 4061 899 4127 dicto
922 4062 1015 4128 dirisi
1038 4064 1124 4126 sunt.

837 4201 854 4240 s

345 4305 357 4359 l
377 4302 488 4359 Andere
505 4303 593 4374 ingen
612 4301 709 4361 hiesu:
728 4305 863 4364 sobrietas
882 4323 927 4360 me
944 4306 1058 4364 relevet.
