3082 4938
674 353 735 420 lut

108 531 150 596 da
170 529 423 614 justificatione,
455 527 505 592 sic
535 532 582 592 eat
610 527 829 606 illustratum,
861 531 898 591 ut
929 525 1115 590 infitiatioui
1146 524 1278 590 nonsit

111 637 200 701 ullus
223 636 321 699 loeus.
367 633 552 698 Patefactus
574 637 622 697 cat
644 636 741 716 atquc
771 633 813 698 ob
843 633 950 698 oculos
980 633 1102 716 positus
1135 653 1277 696 errorum

112 741 336 826 labyrinthus,
350 740 467 823 quibus
478 743 570 802 erant
583 737 740 803 intricatae
752 737 895 803 omnium
909 737 1074 802 hominum
1091 741 1220 799 mantea.
1248 775 1250 778 -

114 845 255 910 Concedi
278 847 382 928 pcaait
403 845 466 908 hoc
488 845 533 907 eia
555 843 706 919 fortasse,
738 844 821 926 quod
856 842 950 907 initio
977 864 1041 905 non
1065 847 1131 904 tam
1154 838 1278 923 ingenii

116 953 278 1034 pravitate
301 953 334 1012 et
357 949 495 1023 malitia,
520 971 612 1032 quam
637 948 839 1032 ignoratione
862 948 1008 1032 quadam,
1032 969 1069 1011 ex
1094 946 1277 1031 longinqui-

117 1059 186 1120 tate
209 1054 365 1137 temporis
388 1057 422 1118 et
443 1051 672 1116 consuetudine
694 1051 845 1129 collecta,
875 1053 1046 1136 peccarint.
1087 1051 1181 1129 Esto,
1213 1052 1278 1115 lar-

118 1163 251 1246 giamur
273 1159 335 1223 boc
349 1158 405 1220 cia.
439 1156 524 1233 Quid
539 1159 645 1220 autem
668 1157 714 1222 rei
737 1162 785 1220 cst
807 1162 863 1221 aut
886 1157 1042 1241 quomodo
1064 1157 1189 1222 veniam
1213 1178 1277 1220 me·

118 1269 263 1340 mutar,
287 1264 343 1346 qui
366 1262 464 1326 ctiam
486 1261 638 1326 hodierno
662 1261 722 1338 die,
747 1265 820 1347 post
841 1267 908 1326 tam
932 1263 1062 1347 longum
1087 1267 1219 1344 tempuS,
1244 1262 1277 1324 in

119 1371 181 1434 bac
203 1367 384 1434 clarissima
405 1366 549 1430 veritatis
571 1368 639 1431 luce
662 1370 728 1431 tam
743 1367 904 1433 obstinate
919 1369 1096 1433 resistunt?
1127 1365 1279 1430 Excusari

120 1474 268 1559 profacto
303 1493 367 1535 nou
401 1474 507 1554 potaat
534 1469 601 1535 ulla
633 1470 757 1535 ratione
785 1471 851 1536 haea'
874 1473 1056 1556 pertinacia.
1104 1469 1171 1536 Nec
1192 1471 1278 1535 euim

121 1581 229 1644 vocari
250 1578 318 1661 jam
342 1581 448 1661 potest
470 1576 604 1660 simplex
621 1576 682 1640 iata
698 1577 868 1662 ignorati0,
892 1599 962 1662 quae
977 1577 1100 1643 veniam
1116 1577 1278 1660 impetrat,

122 1687 176 1749 aad
200 1684 320 1766 duplex
342 1681 408 1758 illa,
433 1701 528 1764 quam
540 1679 633 1746 Plato
649 1682 809 1762 describit,
834 1705 904 1747 cum
921 1684 1001 1767 quis,
1025 1679 1280 1766 indu[Niij]ctus

123 1790 211 1854 iaetu
236 1787 373 1872 quodam
395 1789 428 1848 ct
450 1784 607 1867 superbia,
631 1785 691 1849 sibi
714 1787 814 1850 sumit
833 1787 966 1869 alicujus
981 1789 1026 1852 rei
1044 1789 1200 1872 peritiam,
1225 1791 1280 1851 aut

123 1893 248 1979 aliquid
281 1897 411 1967 tuetur,
447 1890 530 1974 quod
554 1891 602 1954 vel
626 1891 728 1956 nescit
750 1893 801 1957 vel
823 1897 907 1956 recte
930 1893 1053 1958 defendi
1078 1915 1143 1958 non
1167 1895 1280 1977 potest.

123 1999 168 2065 Et
189 2001 245 2064 hic
267 1997 395 2082 quidem
417 1996 564 2076 allectus,
598 2019 667 2060 cum
698 1997 812 2061 incidit
842 1998 874 2061 in
898 1997 1059 2062 bominem
1082 1997 1201 2081 alioqui
1224 2017 1281 2078 po-

125 2108 250 2169 tentem
273 2106 307 2167 et
327 2100 537 2184 locupletem,
570 2123 702 2187 magnas
725 2103 883 2167 concitare
906 2104 986 2168 solet
1009 2103 1135 2180 turbas,
1171 2107 1209 2166 ut
1229 2101 1281 2164 in-

126 2211 200 2294 quit
232 2207 304 2286 illc,
337 2208 420 2271 sicut
443 2208 476 2270 ct
498 2206 557 2272 hoc
579 2213 689 2272 nostro
712 2215 854 2292 tempore
877 2229 983 2273 coram
1006 2208 1149 2271 videmus
1171 2209 1204 2270 et
1226 2226 1280 2270 ex-

128 2315 282 2401 petimur.

225 2421 272 2483 Ac
292 2418 454 2501 proiecto,
484 2418 511 2482 ai
534 2416 658 2482 nullum
682 2417 813 2484 haberes
837 2420 939 2500 aliud,
963 2419 1085 2497 Caesar,
1119 2417 1282 2494 indicium,

129 2523 225 2590 facile
246 2527 354 2588 tamen
377 2523 484 2588 videas
506 2545 543 2586 ex
566 2524 632 2602 eia,
667 2547 737 2608 quae
766 2528 843 2589 sunt
873 2530 944 2590 acta
967 2524 1170 2601 Ratisbonae,
1204 2543 1283 2605 pruc-

701 2647 719 2685 *

130 2734 188 2798 der
210 2733 418 2818 begangeuen
440 2731 588 2798 falscheit
611 2734 736 2800 andlicb
766 2731 951 2802 iuberwiscn.
998 2736 1071 2802 Wie
1093 2737 1155 2800 kan
1179 2732 1214 2797 E.
1239 2731 1282 2796 M.

129 2841 239 2924 ciniga
261 2838 403 2923 neigung
425 2839 500 2903 oder
522 2843 599 2924 gutte
620 2841 803 2924 gedanclren
827 2846 864 2907 zt
889 2843 962 2906 iren
984 2842 1098 2917 haben,
1122 2840 1171 2904 die
1186 2837 1222 2903 Ε.
1240 2837 1284 2902 Μ.

132 2945 166 3009 iu
182 2942 314 3008 sclcbcn
329 2965 527 3027 grausamcn,
551 2945 787 3012 verderblicban
804 2948 903 3012 zanck
918 2953 956 3013 ull
971 2943 1075 3025 ffiren,
1099 2943 1284 3029 vorgehabt,

130 3051 199 3115 und
222 3050 321 3113 daran
344 3047 448 3112 nichts
471 3050 573 3114 habau
597 3051 757 3116 arwindeu
781 3052 909 3117 lauacri?

224 3151 268 3216 Ea
290 3153 396 3216 mbcht
418 3153 492 3216 inan
515 3153 743 3240 uacbgelassen
767 3157 832 3221 und
848 3157 1058 3243 geschencket
1073 3153 1212 3229 werden,
1232 3151 1286 3215 dae

131 3258 179 3321 sic
201 3255 387 3340 auienglicb
408 3259 505 3320 etwas
528 3279 584 3321 aus
607 3259 844 3339 unwisacaheit,
867 3262 933 3324 und
953 3261 1003 3324 nit
1018 3281 1077 3344 gar
1092 3279 1147 3320 uus
1164 3253 1288 3319 boebeit

132 3363 254 3448 getbon
281 3360 393 3424 haben.
440 3359 504 3425 Das
527 3362 572 3426 aie
595 3363 669 3427 aber
693 3365 776 3428 noch
800 3365 926 3450 beutigs
949 3369 1021 3451 tage
1043 3358 1178 3428 darbber
1201 3379 1287 3423 mur·

133 3491 201 3547 ran,
225 3467 293 3532 und
315 3467 419 3552 gleich
443 3467 630 3554 halsstarrig
652 3470 789 3549 bleiben,
815 3473 870 3536 das
887 3473 930 3535 ist
942 3473 976 3555 ja
991 3474 1029 3535 ab
1044 3470 1098 3546 vil,
1123 3467 1185 3532 Got
1200 3467 1288 3530 wirte

133 3573 262 3638 ircilich
288 3573 336 3636 uit
357 3575 567 3657 ungeutraffct
589 3574 710 3654 lusson,
741 3577 823 3642 daun
847 3599 879 3642 es
904 3579 947 3642 ist
970 3578 1019 3641 nit
1042 3576 1092 3640 die
1114 3571 1287 3654 einl'eltige,

134 3678 254 3742 rander
273 3677 325 3740 (lic
339 3676 464 3742 toubelc
478 3679 714 3758 unwissenbeit,
738 3681 839 3746 (lavon
855 3681 947 3747 Plato
964 3681 1113 3757 schreibt,
1137 3675 1287 3751 utmlicb,

136 3805 229 3848 wcnn
253 3781 341 3846 ciuar
364 3781 462 3847 durch
487 3784 582 3849 etcltz
604 3785 668 3850 uud
699 3785 852 3852 hochmllt
882 3809 938 3852 vor
967 3786 1034 3850 sich
1065 3787 1190 3868 nimpt,
1225 3779 1290 3844 und

135 3887 191 3952 wil
213 3887 266 3952 eiu
290 3887 370 3973 ding
392 3892 516 3966 wiesen,
540 3890 595 3955 das
618 3914 652 3956 er
675 3891 724 3954 nit
748 3892 830 3957 weis.
877 3891 951 3958 Uud
975 3913 1066 3956 wenn
1090 3887 1233 3972 diejlicnc
1255 3905 1290 3948 so
1379 3879 1383 3888 ’

137 3993 205 4058 (liae
226 3999 278 4057 art
299 4015 340 4056 au
365 3991 432 4058 sich
455 3992 577 4072 haben,
600 3995 685 4061 reich
710 3997 773 4061 und
797 3998 949 4082 gewaltig
971 3996 1058 4073 sind,
1085 3994 1223 4060 schaffcn
1247 3990 1291 4054 sic

137 4099 197 4164 affl
210 4119 342 4184 grocaan
359 4098 490 4176 unratb,
512 4101 576 4164 und
592 4101 724 4166 macheu
741 4102 898 4183 stralichc
918 4107 1145 4186 empcrungen,
1169 4094 1292 4182 spricht

138 4225 181 4281 cr,
205 4205 265 4268 wie
288 4205 346 4268 wir
368 4204 455 4268 deun
478 4203 562 4270 diser
583 4208 644 4271 zeit
666 4207 746 4272 auch
770 4208 876 4273 achan.

138 4309 243 4374 Weun
267 4309 343 4372 aber
366 4307 405 4372 Ε.
432 4305 475 4372 Μ.
507 4307 566 4374 irea
594 4311 746 4376 heilloaen
778 4305 960 4376 frimemeus
982 4309 1075 4374 keine
1097 4309 1212 4374 andere
1234 4327 1291 4370 an-

137 4417 275 4502 aeigung
299 4414 372 4494 bat,
411 4411 515 4478 wedcr
542 4412 609 4479 iren
641 4405 805 4496 beschlus,
841 4416 909 4481 auff
926 4416 1039 4502 jungat
1061 4431 1292 4499 vergangenem
