3172 4962
226 401 331 459 Contra
349 403 573 473 praesumtuosus.
592 403 617 458 4.

227 488 332 545 Contra
351 489 479 544 audaoes.
498 493 523 545 5.

227 574 333 630 Contra
349 575 489 645 superbos,
508 572 557 645 qui
575 574 677 632 volunt
694 576 863 648 aequiparari
881 576 947 634 Deo.
967 580 991 634 6.

227 662 332 719 Contra
350 662 509 733 appetitum
527 662 744 734 singularitatis.
765 667 788 719 7.

201 749 333 806 ⁶Contra
351 750 511 820 appetitum
530 749 758 822 principalitatis.
778 751 803 806 8.

226 836 331 892 Contra
349 837 507 907 appetitum
528 838 653 908 superba
672 838 821 896 libertatis.
841 840 865 894 9.

226 924 330 980 Contra
348 924 508 996 appetitum
528 925 736 982 dominationis.
758 928 799 983 10.

226 1012 331 1070 Contra
350 1012 510 1084 appetitum
528 1012 685 1084 dignitatis.
706 1015 746 1070 11.

227 1099 331 1156 Contra
350 1099 509 1171 appetitum
527 1101 678 1156 mundana
697 1101 878 1160 celsitudinis.
900 1103 939 1159 12.

188 1190 213 1227 ¹⁰
227 1187 332 1245 Contra
349 1203 401 1252 eos,
421 1187 470 1258 qni
488 1186 543 1243 cito
561 1187 658 1259 adepti
676 1189 903 1260 magnipendunt
919 1205 1026 1260 magna
1045 1191 1074 1244 et
1093 1190 1161 1246 alta.
1184 1191 1224 1246 13.

226 1274 332 1330 Contra
350 1292 403 1340 eoa,
422 1274 543 1344 quisito
563 1275 660 1347 adepti
677 1277 808 1348 rapidam
826 1277 1009 1333 altitudinem
1027 1277 1196 1347 gloriantur,
1215 1279 1385 1348 spernentes

296 1363 423 1418 humiles.
445 1365 486 1418 14.

227 1450 334 1507 Contra
351 1454 492 1508 tumentes
510 1471 544 1509 ex
562 1453 688 1510 seientia.
708 1455 749 1510 15.

227 1539 333 1594 Contra
350 1543 515 1611 arrogantes
534 1559 568 1596 ex
586 1542 755 1611 eloquentia.
776 1545 816 1598 16.

189 1633 214 1673 ¹⁶
228 1625 333 1681 Contra
338 1628 528 1697 superbientes
534 1627 725 1684 examioorum
730 1627 1019 1699 multitudinequibus
1028 1627 1333 1686 armanturinmalum.
1342 1631 1383 1688 17.

228 1713 334 1770 Contra
353 1715 543 1787 superbientes
562 1733 595 1772 ex
612 1716 719 1773 robore.
743 1718 783 1771 18.

229 1801 335 1858 Contra
353 1803 543 1874 superbientes
562 1821 595 1860 ex
612 1804 824 1874 progenitorum
843 1805 1001 1862 nobilitate.
1023 1807 1064 1860 19.

228 1888 333 1945 Contra
350 1906 403 1956 eos,
422 1889 471 1959 qui
488 1889 654 1959 superbiunt
672 1907 706 1945 ex
724 1891 841 1946 divitiis.
858 1893 900 1948 20.

228 1975 333 2031 Contra
350 1993 423 2031 vane
440 1977 575 2047 gloriosos
593 1981 622 2033 et
642 1979 766 2035 volentes
785 1997 930 2051 apparere.
949 1981 993 2036 21.

190 2070 216 2108 ²⁰
230 2062 335 2118 Contra
353 2079 405 2127 eos,
423 2064 472 2133 qni
490 2064 616 2133 gaudent
635 2066 750 2121 tantum
768 2066 866 2132 rideri,
885 2085 947 2122 eum
966 2085 1022 2125 non
1039 2067 1103 2122 sint
1123 2067 1165 2120 22.

228 2149 334 2204 Contra
352 2152 520 2220 apparentes
539 2154 567 2206 et
585 2153 758 2208 contrarium
776 2154 934 2210 existentes.
953 2157 996 2210 23.

229 2237 335 2294 Contra
354 2254 502 2307 pomposus
519 2255 553 2293 ex
571 2239 768 2308 magnitudine
787 2241 955 2311 gratiarum.
976 2243 1018 2296 24.

229 2325 334 2382 Contra
352 2341 406 2388 eos,
425 2324 474 2394 qni
493 2325 654 2395 gloriantur
672 2343 706 2382 ex
724 2327 816 2382 carnis
835 2330 931 2398 speeie.
952 2331 995 2384 25.

230 2412 334 2467 Contra
353 2430 406 2478 eos,
425 2412 474 2483 qni
491 2412 651 2483 gloriantur
669 2431 702 2469 ex
721 2415 795 2470 vonis
813 2416 954 2471 claritate.
975 2419 1018 2472 26.

191 2509 216 2548 ²⁶
230 2500 335 2556 Contra
354 2517 406 2564 eos,
426 2500 475 2570 qui
493 2503 633 2570 appetunt
650 2499 814 2557 adulatione
831 2502 950 2558 laudari.
970 2505 1013 2558 21.

230 2587 336 2643 Contra
353 2603 406 2652 eos,
426 2585 474 2655 qui
493 2585 691 2641 commendant
708 2603 737 2641 se
754 2586 837 2658 ipsos.
855 2589 898 2643 28.

230 2674 336 2730 Contra
354 2673 472 2730 invidos.
490 2675 531 2728 29.

230 2761 337 2818 Contra
354 2761 546 2818 infamatores.
565 2763 607 2816 30.

230 2919 396 3006 Incipiunt
417 2921 557 3006 ospitale
579 2921 667 2987 tertii
690 2921 764 2986 libri
787 2924 825 2987 de
849 2923 899 2988 his
930 2945 1000 3008 quse
1030 2927 1106 2988 sunt
1138 2927 1249 2989 eontra
1278 2923 1383 2989 avari·

191 3051 216 3088 ao
760 3029 849 3094 tiam.

231 3147 337 3204 Contra
354 3147 497 3219 cupientes
515 3146 673 3203 mundanas
691 3147 814 3205 divitias.
836 3153 859 3205 l.

231 3235 310 3302 Quod
328 3235 422 3306 cupidi
439 3236 613 3292 terrenorum
632 3239 698 3291 1111
716 3237 787 3292 eaeoi.
806 3240 830 3294 2.

232 3323 311 3390 Quod
330 3324 432 3395 eupidi,
451 3327 699 3394 quantumcunque
716 3325 849 3390 babeant,
869 3329 936 3381 sunt
953 3341 1102 3396 pauperes.
1121 3325 1145 3378 3.

232 3410 337 3467 Contra
354 3428 407 3477 eos,
426 3410 474 3480 qui
493 3429 548 3467 non
567 3414 633 3465 sunt
651 3411 784 3476 contenti,
804 3429 866 3467 oum
885 3413 954 3468 satis
971 3413 1105 3467 habeant.
1124 3411 1150 3464 4.

193 3509 218 3548 ³⁶
232 3499 273 3554 De
290 3499 382 3564 malis,
400 3517 461 3568 qua
479 3498 684 3568 utplurimum
702 3499 833 3554 aeeidunt
852 3519 884 3555 ex
902 3499 1018 3556 divitiis.
1038 3503 1062 3553 5.
1135 3498 1139 3508 “

231 3586 337 3643 Contra
355 3603 409 3648 eos,
428 3585 483 3655 qui,
503 3603 567 3641 cum
585 3585 680 3643 dolore
698 3585 805 3641 divitiis
824 3587 950 3658 perditis,
970 3588 1062 3643 adhue
1079 3585 1215 3641 laborant
1232 3583 1329 3640 ditari.
1348 3585 1375 3640 6.

231 3673 338 3729 Contra
355 3689 408 3736 eos,
427 3671 476 3741 qui
494 3687 527 3726 ex
545 3671 652 3727 divitiis
671 3671 814 3742 acquisitis
833 3689 862 3727 11
879 3675 984 3744 putant
1002 3690 1060 3728 esse
1079 3673 1181 3729 felleos.
1201 3675 1225 3728 7.
1245 3715 1250 3724 ,

231 3761 272 3816 De
291 3776 375 3815 eausa
391 3760 421 3814 et
440 3776 506 3813 eura
524 3759 696 3814 insatiabilis
716 3759 853 3814 avaritia.
873 3761 898 3814 8.

232 3846 310 3915 Quod
328 3847 428 3902 melius
446 3847 491 3912 111,
510 3845 603 3900 minus
621 3863 703 3917 egere
720 3865 807 3917 quam
824 3847 915 3918 magis
933 3847 1044 3903 habere.
1064 3851 1089 3902 9.

189 3949 221 3986 so
234 3935 300 4002 Qua
319 3935 376 3990 sint
394 3951 466 3991 versa
487 3934 601 3991 divitia.
623 3937 662 3991 10.

234 4022 289 4089 Ubi
307 4022 344 4077 sit
363 4024 517 4078 curandum
535 4023 630 4080 ditari.
651 4025 692 4079 11.

233 4109 338 4167 Contra
356 4127 409 4176 eos,
428 4110 477 4181 qni
494 4111 616 4167 libenter
633 4111 775 4182 ascipiunt
795 4128 919 4167 munera.
940 4112 980 4167 12.

234 4197 339 4254 Contra
358 4215 411 4264 eos,
430 4198 480 4268 qui
497 4198 632 4268 cupiendo
650 4199 789 4256 festinant
806 4198 894 4255 ditari
911 4201 940 4254 et
958 4199 1093 4255 laetantur
1111 4195 1385 4268 1111111111ᾱί-

304 4285 377 4340 vites
395 4301 454 4341 esse
470 4285 569 4345 iactos.
589 4289 630 4344 13.
