3172 4962
708 365 772 428 let

165 539 248 619 Quid
258 538 344 604 enim
352 537 429 604 mali
439 537 502 602 tibi
511 536 591 617 dico,
615 541 651 604 ut
667 539 775 604 venias
786 542 934 624 eteroges
950 539 1141 624 pauperibus
1157 544 1191 606 et
1207 537 1316 626 egenis

165 645 321 731 quomodo
343 645 446 710 bonus
468 643 684 728 dispensator,
717 648 753 708 ut
786 664 851 710 non
881 668 901 708 a
931 644 1150 711 meretricibus
1181 649 1214 710 et
1235 644 1318 709 male

165 750 343 816 viventibus
372 749 563 828 extricetur,
596 749 680 834 quod
708 749 901 834 pauperibus
933 749 1097 815 dimissum
1131 752 1203 816 est?
1250 750 1319 815 Aut

166 856 242 940 quid
264 875 433 920 onerosum
456 858 521 931 est,
554 858 590 919 ut
619 853 727 919 venias
761 861 793 919 et
817 853 914 918 facias
936 853 1124 919 elemosinas
1147 855 1319 920 secundum

140 960 364 1025 uoluntatem
388 958 489 1044 patris
512 958 563 1023 tui
585 979 643 1043 pro
666 959 773 1024 anima
795 960 863 1043 ejus
892 965 924 1024 et
958 961 1127 1024 revertaris
1150 946 1184 1024 ii
1207 960 1319 1026 cellam

166 1066 277 1130 tuam?
312 1062 396 1143 Quid
427 1062 547 1140 multa,
581 1063 717 1128 suadens
741 1061 873 1128 fratrem
896 1063 1041 1146 deposuit
1065 1063 1099 1128 in
1123 1065 1263 1129 seculum
1288 1069 1322 1129 et
1432 1045 1441 1064 ’

166 1169 295 1234 veniens
318 1189 391 1233 cum
413 1189 450 1232 eo
473 1167 632 1250 usquead
655 1167 820 1232 civitatem
842 1167 973 1250 reliquit
996 1189 1076 1232 eum.
1123 1167 1236 1233 Voluit
1261 1191 1317 1233 au·

167 1278 231 1339 tem
263 1273 361 1338 frater
392 1271 516 1358 ingredi
547 1271 581 1336 iu
613 1272 740 1336 domum
771 1272 872 1356 patris
895 1277 1058 1357 tamquam
1078 1271 1145 1358 jam
1168 1271 1317 1337 defuncto

167 1399 222 1457 eo,
253 1381 285 1442 et
314 1399 384 1446 ecce
414 1378 481 1461 ipse
503 1380 594 1462 pater
616 1377 682 1461 ejus
706 1377 796 1442 virus
818 1377 1040 1462 egrediebatur
1064 1383 1097 1443 et
1119 1356 1228 1442 videus
1253 1400 1317 1443 uon

128 1483 321 1568 recognovit
343 1503 413 1547 eum
437 1487 469 1548 et
491 1482 531 1546 ad
553 1503 624 1548 eum
647 1483 709 1548 ait:
734 1483 805 1567 quis
828 1505 861 1548 es
883 1484 942 1548 tu?
976 1481 1047 1566 lpse
1079 1503 1151 1546 vero
1174 1483 1321 1548 turbatus

171 1587 256 1654 nihil
291 1590 417 1671 poterat
455 1587 661 1671 respondere,
706 1592 738 1652 et
779 1587 876 1671 coepit
913 1586 1037 1652 iteratis
1080 1586 1184 1652 verbis
1228 1592 1320 1671 pater

154 1692 238 1792 'ejus
261 1690 460 1778 interrogare
470 1712 552 1768 eum,
576 1690 659 1756 unde
675 1694 765 1755 esset.
812 1690 903 1755 Tunc
919 1690 1069 1756 confusus
1087 1690 1169 1756 dixit
1191 1692 1238 1756 ei:
1262 1692 1322 1777 ego

172 1797 258 1862 filius
281 1801 365 1862 tuus.
412 1794 454 1860 Et
476 1794 522 1860 ait
544 1795 611 1860 illi:
642 1799 679 1859 ut
702 1795 778 1879 quid
800 1817 943 1862 reversus
966 1797 1021 1862 es?
1053 1796 1115 1875 Qui
1137 1796 1322 1862 erubescens

172 1902 293 1979 dicere,
318 1901 402 1985 quod
425 1921 533 1966 verum
556 1903 642 1978 erat,
674 1900 770 1966 dixit:
800 1901 916 1966 caritas
945 1905 1002 1966 tua
1025 1922 1074 1965 me
1097 1902 1173 1967 fecit
1195 1901 1321 1981 reverti,

133 2035 159 2075 n
174 2007 249 2091 quia
264 2004 476 2070 desiderabam
493 2009 534 2070 tc.
579 2002 621 2069 Et
637 2005 790 2070 remansit
804 2004 850 2070 ibi
873 2011 905 2070 et
925 2009 998 2090 post
1021 2005 1220 2090 aliquantum
1239 2010 1321 2071 tcm-

173 2134 234 2197 pus
256 2108 394 2176 incurrit
415 2109 659 2176 fornicationem
688 2115 721 2176 et
742 2108 852 2175 multis
875 2109 1040 2194 suppliciis
1062 2110 1200 2175 afflictus
1223 2133 1242 2175 a
1263 2133 1322 2195 pa-

172 2222 221 2282 tre
243 2237 301 2282 suo
323 2214 436 2280 infelix
458 2215 513 2280 ille
535 2235 600 2279 uon
623 2215 691 2298 egit
714 2213 945 2300 poenitentiam,
969 2213 1024 2278 sed
1046 2215 1199 2280 remansit
1220 2215 1256 2280 in
1271 2237 1320 2280 se·
1360 2242 1364 2250 ·

173 2320 253 2387 culo.
298 2319 434 2406 Ideoque
456 2318 542 2398 dico,
577 2320 712 2398 fratres,
744 2319 819 2403 quia
834 2318 1006 2383 monachus
1030 2340 1193 2402 nunquam
1216 2320 1321 2400 debet,

174 2425 317 2510 quamvis
339 2445 449 2490 masas
473 2423 513 2488 ab
536 2423 654 2508 aliquo,
678 2423 785 2509 egredi
809 2424 846 2488 de
869 2421 948 2488 cella
970 2443 1036 2486 sua.

135 2630 162 2668 se
356 2597 410 2664 De
432 2597 697 2666 carbunculo
720 2603 761 2664 et
783 2598 973 2681 speculo,
996 2597 1069 2662 dial.
1097 2602 1145 2663 17.

212 2821 217 2830 Ι
264 2739 497 2818 Carbunculus,
520 2739 598 2804 dicit
619 2738 731 2818 Brito,
760 2739 890 2823 quidam
912 2739 993 2823 lapis
1017 2742 1065 2802 est
1098 2736 1254 2822 pretiosus
1281 2737 1327 2802 sic

176 2846 287 2925 dictus,
310 2867 347 2910 eo
369 2844 452 2929 quod
474 2843 513 2908 fit
535 2843 657 2928 ignitus
684 2847 721 2908 ut
743 2844 859 2922 carbo,
893 2843 982 2927 cujus
1011 2842 1121 2928 fulgur
1152 2863 1209 2908 uec
1231 2846 1324 2907 nocte

176 2951 336 3028 vincitur,
364 2949 449 3014 lucet
471 2947 556 3013 euim
582 2948 614 3012 in
638 2948 779 3013 tenebris
800 2948 894 3026 adeo,
925 2953 961 3013 ut
991 2947 1133 3012 flammas
1155 2947 1195 3012 ad
1217 2947 1323 3012 oculos

178 3055 289 3121 vibret.
336 3055 385 3118 Ad
408 3052 492 3117 huno
521 3052 654 3118 accessit
676 3052 833 3137 quoddam
856 3053 1018 3137 speculum
1042 3053 1178 3118 vitreum
1203 3053 1325 3116 dicens:

137 3187 164 3228 sa
177 3160 287 3241 irater,
311 3159 395 3224 inter
418 3155 599 3242 splendidas
621 3161 654 3222 et
679 3157 833 3240 pretiosas
856 3179 996 3243 gemmas
1018 3156 1141 3222 lucidus
1156 3179 1189 3223 es
1205 3177 1326 3242 egoque

178 3264 275 3330 etiam
302 3263 385 3327 clare
415 3261 617 3344 resplendeo,
650 3263 696 3328 ite
730 3262 812 3347 quod
836 3263 919 3327 clare
942 3263 975 3326 in
999 3283 1048 3327 me
1070 3268 1184 3327 cuncta
1206 3262 1327 3346 perspi·

179 3370 322 3444 ciuntur;
344 3367 372 3432 si
394 3387 470 3452 ergo
493 3367 630 3432 invicem
653 3365 756 3432 binati
778 3365 941 3445 fuerimus,
967 3366 1068 3452 magis
1090 3366 1329 3431 excellentiores

179 3479 211 3540 et
233 3471 406 3558 appretiati
435 3471 552 3538 erimus
583 3471 617 3536 in
640 3472 799 3557 septuplo.
844 3469 903 3535 cu
935 3471 1160 3537 carbunculus:
1194 3471 1223 3536 ei
1247 3470 1331 3554 quod

181 3579 258 3645 dicis
282 3579 462 3644 consentire
483 3576 567 3654 nolo,
591 3580 722 3663 propter
746 3577 829 3660 quod
849 3576 1023 3656 considero,
1051 3577 1134 3660 quod
1156 3597 1194 3640 er
1217 3575 1330 3641 debili·

142 3711 168 3749 su
182 3687 250 3750 tata
271 3682 412 3748 materiae
433 3685 556 3748 creatus
580 3703 628 3758 es,
660 3681 781 3746 scilicet
803 3681 841 3745 de
864 3680 961 3760 vitro,
993 3701 1115 3766 egoque
1148 3680 1185 3746 de
1216 3684 1332 3745 natura

181 3787 391 3876 pretiosarum
415 3807 620 3872 gemmarum.
666 3783 787 3851 Idcirco
806 3806 870 3849 non
887 3790 935 3849 est
950 3785 1152 3864 couveniens,
1175 3785 1332 3870 quomodo

181 3895 260 3965 dicit
284 3891 455 3958 Ysidorus:
480 3891 596 3956 similis
619 3891 703 3956 euim
727 3913 794 3956 esse
816 3890 902 3955 filius
924 3891 1020 3954 matri
1045 3890 1136 3968 solet,
1162 3912 1237 3976 ergo
1258 3889 1333 3974 quia

182 4021 246 4066 non
269 4021 302 4063 es
324 4003 359 4062 tu
381 3996 496 4062 similis
519 3995 598 4075 mei,
622 3995 737 4062 recede.
784 3995 828 4061 Et
858 3995 988 4080 adjacit:
1023 4018 1187 4081 nunquam
1218 3994 1335 4060 nobilis

182 4127 253 4171 cum
284 4103 390 4168 viliori
422 4101 592 4167 descendet
625 4122 683 4165 nec
717 4122 789 4166 cum
824 4124 861 4167 eo
893 4101 1073 4168 contendat.
1128 4102 1217 4168 Sicut
1248 4100 1332 4166 euim

145 4233 170 4272 aa
183 4209 394 4285 christianus,
426 4207 480 4292 qui
512 4209 560 4270 est
592 4205 630 4270 de
653 4206 804 4271 nobiliori
834 4227 965 4291 genere,
990 4206 1111 4272 scilicet
1134 4207 1172 4272 de
1195 4205 1333 4284 Obristc,

184 4316 259 4400 quia
280 4336 300 4379 a
322 4311 450 4378 Christo
473 4310 589 4375 dicitur
621 4309 830 4390 christianus,
860 4333 924 4376 nou
957 4311 1051 4376 debet
1083 4312 1246 4377 attendere
1277 4331 1335 4376 nee

183 4421 292 4486 audire
315 4416 488 4496 diabolum,
511 4416 587 4502 quia
608 4419 658 4484 est
679 4417 774 4483 vilior
795 4417 952 4484 omnibus.
1001 4417 1093 4483 Unde
1115 4417 1149 4483 in
1164 4417 1247 4482 libro
1262 4413 1335 4482 Cle·
