3172 4958
849 341 893 405 ευ

299 515 429 580 ciditate
449 513 582 578 fluidum
606 513 753 578 affectum
776 511 932 590 alliciunt,
980 513 1070 590 Quod
1093 516 1129 579 ut
1144 515 1297 599 consequi
1311 515 1452 591 valeant,

297 618 341 695 id,
365 619 449 702 quod
472 622 596 703 optant,
620 617 708 682 mille
723 615 954 702 possessoribus
978 618 1135 701 perditiva
1157 623 1274 705 parant
1294 624 1364 685 arte
1388 618 1453 684 doli

298 721 435 808 ingenia.
482 723 682 788 Rutilantius
713 727 818 786 autem
847 727 955 799 tanto,
984 727 1105 806 quanto
1144 729 1176 789 et
1213 725 1273 789 hoc
1310 723 1452 789 crebrius

299 827 442 891 videmus
466 826 501 891 in
523 826 616 891 rebus
640 825 798 902 humanis,
820 825 855 889 in
871 826 986 909 quibus
1003 848 1067 891 non
1085 828 1192 892 minus
1208 828 1339 914 grandis
1355 849 1453 912 quam

271 951 284 989 c
294 931 381 1017 jugis
405 932 589 1012 divitiarum
612 931 749 995 amatrix
782 930 915 995 avaritia
946 934 1118 1016 tempestas
1141 937 1199 998 est.
1244 931 1360 998 Nonne
1383 930 1451 996 Na-

297 1034 546 1115 buchodonosor,
571 1035 690 1121 clypeis
705 1036 826 1099 tractus
842 1037 944 1098 aureis
961 1033 1148 1114 Salomonis,
1166 1036 1326 1101 hostiliter
1337 1035 1451 1113 hostis,

301 1161 396 1224 quam
433 1141 547 1226 petivit
583 1140 734 1219 amicam,
757 1139 915 1223 copiosam
950 1144 1084 1225 argento
1106 1139 1351 1206 lherosolimam
1375 1161 1451 1224 spo·

297 1246 411 1310 liavit?
443 1245 597 1311 Similiter
625 1251 731 1310 autem
762 1244 905 1329 Babylon
937 1247 1036 1310 totius
1070 1247 1156 1311 Asiae
1186 1248 1296 1312 dotata
1327 1245 1450 1329 rapinis

299 1369 332 1414 se
355 1350 456 1434 ipsam
478 1350 637 1435 perdidit,
661 1349 737 1414 dum
760 1349 892 1414 libidine
915 1349 1099 1415 divitiarum
1121 1349 1239 1436 Cyrum
1262 1357 1294 1416 at
1316 1351 1452 1416 Darium

260 1479 286 1517 ιο
301 1455 475 1526 concitatos
501 1455 643 1520 attraxit
691 1451 742 1518 Sic
760 1474 875 1538 nempe
897 1452 1031 1534 Croesus,
1055 1477 1238 1520 excrescens
1261 1455 1450 1520 immodera-

300 1560 424 1626 tissima
446 1560 618 1645 opulentia,
646 1559 759 1654 barum
774 1559 849 1622 dum
871 1559 926 1623 siti
942 1583 1037 1643 opum
1061 1561 1237 1640 incanduit,
1260 1560 1450 1625 effrenatum

299 1665 339 1730 ad
364 1687 397 1730 se
411 1664 606 1749 perdendum
627 1662 713 1728 orbis
728 1663 906 1748 predonem
924 1664 1079 1729 famosum
1096 1663 1230 1730 infamia
1245 1665 1452 1729 Macedonem

300 1769 518 1836 Alexandrum
550 1769 690 1836 adduxit.
748 1768 808 1833 His
840 1770 969 1834 tandem
996 1771 1210 1836 insatiabilem
1241 1769 1450 1834 voracitatem

300 1877 489 1954 Romanam,
505 1874 655 1940 bellicosa
669 1875 701 1938 vi
715 1874 845 1939 minime
856 1877 1113 1961 comparabilem,
1130 1875 1300 1960 opulentus
1311 1873 1452 1938 mundus

263 2004 288 2043 rs
303 1984 342 2048 ad
365 2003 398 2047 se
419 1981 608 2065 rapiendum
629 1981 769 2065 undique
790 1982 953 2047 irritatum
978 1981 1099 2048 effudit.
1147 1980 1231 2058 Quid
1253 1980 1353 2065 igitur
1375 1982 1454 2042 sunt

303 2087 471 2150 mundana
497 2085 616 2152 divitiae
639 2087 703 2151 nisi
732 2092 889 2153 amatores
918 2086 1000 2165 odii,
1028 2086 1244 2170 jucunditates
1268 2103 1452 2160 moerorum,

301 2191 525 2256 delectationes
560 2192 731 2270 tormenti,
767 2191 982 2277 pretiositates
1011 2192 1188 2276 opprobrii,
1220 2189 1343 2255 semina
1370 2187 1452 2266 litis,

298 2295 404 2380 jacula
426 2296 519 2375 belli,
552 2298 636 2363 bona
659 2295 838 2382 praedonis?
875 2295 1102 2375 Oiufelicem,
1141 2297 1196 2380 qui
1234 2296 1368 2360 donatus
1402 2296 1454 2356 est

299 2400 357 2466 iisl
383 2401 506 2479 Quibus
530 2402 646 2467 auditis
670 2403 763 2466 draco
786 2401 937 2486 gaudium
960 2402 993 2465 in
1015 2400 1138 2466 luctum
1161 2399 1326 2464 convertit.

262 2631 289 2672 ac
422 2610 476 2675 De
498 2631 622 2676 causa
643 2613 685 2675 et
707 2631 805 2674 cura
827 2610 1103 2675 insatiabilis
1125 2607 1333 2674 avaritiae.

561 2785 616 2850 De
639 2784 763 2871 vulpe
785 2790 826 2850 et
847 2785 1044 2862 mustela,
1068 2805 1136 2868 cap.
1160 2787 1189 2847 8.

389 2922 454 2989 Sub
476 2924 657 3009 hydropisis
680 2946 774 2991 onere
795 2925 939 3008 squalida
961 2925 1070 3008 vulpes
1092 2925 1247 3008 languens
1265 2919 1455 3006 reparandae

302 3029 449 3095 sanitatis
470 3029 657 3095 medicinam
680 3033 713 3094 et
734 3030 890 3095 medicum
911 3028 1103 3112 inquirebat.
1150 3027 1269 3092 Verum
1291 3048 1364 3092 cum
1381 3048 1457 3090 mu-

303 3133 414 3200 stelam
436 3135 562 3200 obviam
585 3133 756 3212 habuisset,
781 3133 848 3217 ejus
864 3155 964 3219 guara
986 3133 1173 3218 diligentiae,
1196 3133 1258 3216 ipsi
1281 3153 1354 3196 mcx
1376 3151 1458 3214 pro-

263 3260 289 3299 sa
302 3241 408 3322 posuit
416 3241 578 3326 languoris
588 3240 977 3324 querulamquaestionem:
1000 3261 1120 3304 memor
1132 3261 1213 3316 sum,
1231 3239 1346 3322 inquit,
1363 3236 1457 3316 satis,

303 3367 408 3423 soror,
439 3347 575 3430 qualiter
598 3345 676 3411 olim
698 3344 793 3409 dente
815 3348 870 3408 tuo
893 3344 992 3408 vitam
1016 3343 1054 3408 de
1075 3343 1188 3426 laqueo
1211 3344 1324 3408 mortis
1360 3342 1458 3425 quasi

302 3450 427 3514 noviter
449 3454 593 3514 renatam
616 3449 793 3533 rapuerim
817 3470 880 3531 qua
902 3447 1029 3532 quidem
1051 3469 1084 3512 re
1099 3468 1186 3513 nunc
1200 3448 1329 3533 gravius
1345 3445 1456 3510 morbi

303 3554 408 3620 letalis
430 3554 557 3619 obsessa
579 3552 737 3639 periculis,
761 3552 892 3636 pristini
914 3554 1063 3617 audacter
1085 3552 1231 3616 beneficii
1254 3572 1383 3635 memor,
1413 3553 1459 3616 ad

303 3659 470 3725 consilium
492 3659 677 3744 sagacitatis
699 3662 772 3735 tuae,
799 3657 1006 3742 jampridem
1037 3657 1079 3722 al
1109 3661 1141 3721 te
1163 3657 1281 3742 adjuta,
1315 3672 1459 3723 recurre.

263 3783 289 3824 so
303 3762 362 3828 (lui
393 3764 528 3829 mustela
558 3785 621 3829 non
655 3763 791 3848 ingratas
819 3761 1023 3827 liberalitatis
1045 3762 1141 3827 verbo
1163 3762 1344 3847 respondit:
1376 3761 1461 3845 quid

304 3871 330 3934 si
346 3871 492 3953 cuiquam
505 3869 701 3954 profecerim,
716 3866 831 3946 nesoic,
855 3867 1041 3932 beneficium
1050 3867 1079 3930 si
1086 3865 1217 3949 suscepi,
1227 3867 1320 3949 hujus
1332 3887 1462 3952 semper

303 3974 504 4052 reminiscor;
527 3995 648 4059 expone
671 3974 770 4058 igitur
792 3972 958 4050 morbum,
983 3971 1058 4055 quia
1080 3970 1233 4054 pandam,
1264 3970 1292 4034 si
1323 3971 1459 4050 scivero,

303 4081 477 4147 curationis
492 4079 629 4144 modum.
675 4079 766 4143 Tunc
789 4077 896 4162 vulpes
919 4076 1040 4162 gratiss
1055 4097 1153 4161 agens
1169 4075 1294 4159 inquit:
1317 4075 1458 4161 languo—
1568 4111 1569 4160 q

303 4208 374 4251 rum
411 4208 545 4271 nempe,
584 4205 691 4266 soror,
733 4182 1004 4268 inexstinguibilis
1045 4181 1116 4248 sitis
1153 4181 1279 4266 patior;
1316 4183 1351 4246 in
1389 4203 1457 4265 quo
1568 4167 1569 4206 ³

869 4303 887 4345 a

376 4410 390 4466 1
408 4413 520 4470 Andura
536 4413 628 4469 lesen:
647 4412 692 4468 ad.
