3172 4962
698 301 759 366 lor

149 475 301 540 virtutem
325 475 436 540 oontra
457 495 512 540 vos
535 476 702 558 vestraque
732 495 868 552 venena,
900 473 938 539 de
967 478 1081 542 oaetero
1108 477 1214 562 gratia
1236 477 1297 544 Dei

148 579 183 644 in
205 600 255 644 me
287 599 352 644 uon
374 599 472 644 veona
496 578 573 658 erit,
604 579 656 644 sed
680 601 803 664 semper
825 579 859 643 in
882 601 933 644 me
955 581 1115 666 manebit,
1147 583 1297 667 quoniam

148 683 311 750 contraria
338 705 462 768 semper
485 683 574 748 vobis
597 705 660 764 ero,
684 707 725 750 ne
747 683 808 750 hoo
829 684 953 750 facinus
975 687 1209 754 consummetis.
1255 687 1297 753 Et

148 790 290 856 addidit:
315 787 390 853 boni
413 787 529 854 debent
552 789 724 876 praevalere
746 789 857 868 malis,
879 811 920 854 ne
935 792 1058 874 possint
1079 813 1200 857 nocere.
1245 791 1297 858 Ita

120 915 242 982 eogere
265 894 381 960 debent
401 881 539 958 rectores
561 897 593 958 et
616 893 745 979 provide
767 915 891 978 semper
913 894 1040 960 obviare
1059 896 1152 960 malis
1173 901 1206 962 et
1221 918 1297 964 con-

148 1000 302 1066 tradieere
323 1019 360 1064 ao
382 1018 434 1062 eos
456 999 580 1081 punire.
625 998 707 1074 Quia
730 999 808 1064 dicit
830 997 964 1064 Seneca:
996 1000 1088 1065 bonis
1110 1005 1213 1080 nocet,
1241 1003 1297 1086 qui

146 1104 239 1170 malis
262 1103 383 1188 parcit,
406 1122 482 1189 non
517 1103 601 1168 enim
634 1125 762 1187 parcere
791 1104 884 1169 debet
910 1103 1007 1188 judex
1030 1103 1296 1184 malefactoribus,

86 1241 89 1244 ·
148 1209 224 1292 quia
252 1208 370 1292 judex,
405 1207 459 1290 qui
491 1229 555 1274 non
589 1208 724 1296 corrigit
756 1213 955 1295 peccantem,
990 1231 1118 1295 peccare
1151 1211 1296 1294 imperat.

148 1313 241 1380 Unde
269 1313 477 1380 Ambrosius:
510 1335 582 1380 cum
612 1315 669 1378 uni
699 1314 883 1401 indulgetur
912 1315 1062 1400 indigno,
1095 1314 1227 1398 plurimi
1258 1315 1298 1380 ad

109 1441 135 1478 ιο
150 1419 341 1506 proditionis
364 1423 528 1503 peccatum
549 1423 771 1502 provocantur.
818 1419 918 1484 Prout
939 1418 1038 1486 refert
1053 1418 1199 1485 Valerius
1214 1419 1298 1485 libro

149 1523 195 1590 V⁰
220 1524 258 1588 de
280 1523 381 1588 Bruto
403 1523 621 1590 Romanorum
644 1525 749 1609 primo
772 1525 910 1603 oonsule,
934 1525 989 1608 qui
1011 1524 1095 1590 filios
1116 1545 1189 1590 suos
1212 1546 1296 1590 eom·

149 1628 321 1716 prehensos
343 1648 402 1712 pro
424 1628 580 1694 tribunali
602 1630 711 1694 sedens
734 1631 833 1718 virgis
856 1651 951 1696 caesos
977 1635 1009 1695 et
1032 1635 1105 1716 post
1127 1630 1166 1695 ad
1188 1630 1297 1714 palum

148 1733 265 1820 ligatos
287 1733 410 1818 percuti
433 1733 533 1798 securi
560 1733 671 1817 jussit,
701 1735 775 1819 quia
804 1735 1052 1801 dominationem
1081 1733 1250 1818 Tarquinii
1279 1757 1298 1800 a

148 1860 182 1902 so
213 1838 376 1922 expulsam
403 1837 549 1902 reducere
578 1839 736 1905 volebant.
793 1839 909 1905 Maluit
943 1840 1027 1904 enim
1059 1838 1189 1903 orbatus
1220 1838 1296 1903 filiis

110 1966 276 2010 remanere
298 1965 392 2028 quam
416 1943 550 2027 publicae
571 1945 720 2012 rindiotae
742 1945 856 2010 deesse.
903 1943 960 2008 Oui
983 1943 1087 2008 simile
1108 1941 1206 2008 refert
1228 1942 1296 2006 Au-

148 2049 296 2136 gustinus
319 2049 501 2114 decivitate
517 2047 577 2114 Dei
593 2048 657 2127 V‘0,
681 2050 774 2133 quod,
797 2072 867 2115 eum
881 2050 1020 2133 ,quidam
1043 2049 1214 2132 imperator
1230 2047 1295 2112 Ro·

149 2175 315 2219 manorum
338 2153 519 2218 mandasset
541 2153 600 2217 sub
622 2175 716 2236 poena
738 2155 859 2230 mortis,
883 2176 924 2218 ne
939 2154 1055 2237 aliquis
1069 2157 1182 2218 eontra
1196 2153 1296 2218 aciem

149 2259 351 2324 inimicorum
372 2261 548 2344 pugnaret,
575 2257 661 2322 filius
683 2259 749 2342 ejus
773 2259 813 2324 ab
834 2259 980 2324 hostibus
1002 2263 1190 2343 provocatus
1212 2259 1295 2324 mul-

148 2365 268 2430 totiens
290 2386 362 2429 cum
385 2368 572 2430 contraeas
594 2369 767 2450 pugnasset
788 2369 821 2430 et
843 2365 944 2450 patris
967 2364 1116 2430 mandata
1138 2362 1296 2448 fregisset,

108 2491 134 2530 ao
148 2469 292 2554 quamvis
305 2469 453 2554 patriam
477 2468 669 2534 defendisset
691 2474 723 2536 et
745 2469 852 2534 hostes
880 2470 1025 2547 vicisset,
1055 2473 1163 2533 tamen
1192 2471 1293 2552 pater,

147 2579 184 2641 ut
197 2575 358 2660 justitiam
378 2578 529 2652 servaret,
549 2574 654 2658 ipsum
676 2576 840 2640 mandavit
862 2573 1008 2642 interfici.

385 2748 439 2814 De
461 2769 590 2834 ysopo
612 2751 652 2812 et
674 2747 897 2829 Mercurio,
921 2749 995 2815 dial.
1021 2753 1070 2816 27.

235 2888 379 2974 Ysopus,
403 2894 440 2954 ut
462 2889 540 2954 dicit
562 2887 672 2967 Brito,
703 2893 753 2954 est
774 2889 873 2955 herba
895 2890 1099 2976 pulmonibus
1121 2891 1197 2973 apta
1219 2911 1295 2974 pur-

148 2994 271 3081 gandis.
317 2993 411 3060 Alius
434 2995 564 3079 quidam
587 2999 679 3060 autor
701 2995 789 3074 dicit,
812 2979 930 3080 ysopus
951 3017 1023 3062 cum
1044 2993 1200 3080 oxymelle
1217 2993 1295 3079 fleg-

108 3127 135 3166 as
149 3121 202 3165 ma
224 3099 381 3164 viscosum
403 3103 544 3179 evacuat,
568 3101 650 3165 unde
672 3121 789 3186 ysopus
813 3105 861 3164 eet
883 3099 982 3166 herba
1003 3120 1145 3186 purgans
1168 3097 1205 3162 de
1224 3119 1295 3182 pec·

147 3208 217 3270 tore
238 3204 364 3290 flegma.
410 3204 472 3269 Pro
496 3227 559 3288 qua
581 3205 699 3270 virtute
722 3204 907 3283 Mercurius,
933 3225 1026 3288 quern
1042 3202 1178 3288 gentiles
1193 3200 1295 3266 Deum

147 3332 214 3375 esse
235 3309 435 3388 denuntiant,
461 3309 515 3394 qui
537 3307 601 3374 fuit
614 3309 660 3372 rir
683 3308 813 3392 cupidus
837 3312 869 3373 et
891 3329 1012 3386 avarus,
1036 3327 1148 3391 magns
1172 3309 1205 3369 et
1226 3327 1295 3370 ver-

148 3416 269 3500 sipellis
286 3437 322 3480 aa
344 3437 524 3482 sermonum
549 3416 717 3499 interpres,
740 3414 904 3497 multaque
927 3413 989 3478 alia
1013 3412 1090 3475 vitia
1110 3411 1240 3474 fuerunt
1260 3409 1295 3473 in

147 3520 236 3604 ipso,
266 3519 341 3584 dum
367 3541 462 3586 sanus
484 3520 623 3599 exstitit,
653 3521 823 3585 secundum
851 3519 971 3604 judicia
1004 3516 1063 3582 Dei
1092 3516 1295 3602 palmonosue

107 3651 135 3692 ao
149 3627 181 3689 et
204 3625 395 3689 reumaticus
417 3625 520 3690 factus
542 3629 599 3704 cst,
624 3625 707 3690 unde
729 3626 814 3691 mala
836 3628 985 3690 consueta
1007 3644 1070 3688 non
1095 3621 1204 3686 valens
1223 3641 1296 3705 per·

146 3733 275 3816 patrare
302 3728 342 3794 ad
364 3750 495 3816 ysopum
526 3731 666 3815 perrexit
689 3735 721 3796 et
743 3731 804 3797 ait:
836 3731 937 3796 virtus
959 3727 1019 3794 Dei
1048 3731 1098 3792 est
1128 3727 1162 3791 in
1194 3728 1227 3788 te
1256 3723 1297 3788 ad

146 3835 324 3900 sanandum
347 3834 508 3916 infirmos,
540 3836 615 3919 quia
645 3836 680 3901 in
703 3834 827 3913 herbis,
858 3834 962 3898 verbis
986 3837 1018 3896 et
1039 3829 1198 3914 lapidibus
1220 3830 1296 3892 sunt

145 3941 291 4005 virtuter.
336 3937 458 4004 Idcirco
487 3941 616 4010 ostende
649 3941 801 4006 virtutem
824 3946 912 4005 tuam
934 3940 967 4004 in
990 3958 1050 4014 me,
1074 3955 1150 4014 eura
1171 3933 1296 4018 pulmo-

145 4066 219 4110 nem
243 4048 275 4108 et
295 4043 430 4130 flegma,
460 4047 544 4130 quod
572 4047 606 4110 in
631 4051 768 4126 meast,
801 4050 834 4110 et
863 4065 921 4130 ego
944 4043 1098 4128 promitto
1119 4043 1152 4105 et
1173 4037 1241 4102 Deo
1264 4040 1296 4101 et

105 4173 133 4213 re
146 4149 218 4229 tibi,
242 4147 326 4234 quod
348 4149 386 4214 de
407 4151 529 4237 rapinis
557 4157 589 4217 et
621 4151 717 4216 furtis
745 4150 824 4216 meis
854 4154 975 4235 partem
1009 4147 1071 4214 tibi
1101 4145 1190 4211 dabo.
1237 4139 1296 4206 Oui

145 4276 283 4342 ysopus:
306 4255 512 4322 manifestum
535 4263 601 4336 est,
629 4257 713 4342 quod
734 4257 769 4320 in
793 4255 930 4322 sanitate
953 4253 1036 4319 mala
1059 4249 1187 4316 infinita
1209 4267 1294 4312 oom-

145 4359 264 4428 misisti
285 4365 318 4427 et
338 4381 421 4442 vere,
444 4363 472 4428 si
496 4361 668 4445 sanaberis,
692 4359 849 4428 deteriora
864 4359 1005 4428 facturus
1021 4358 1093 4439 eris,
1117 4353 1171 4442 sed
1192 4353 1295 4418 virtus
