3082 4938
635 331 696 395 lsr

106 499 305 566 infestimimue
326 499 490 568 Ludovico
514 501 642 582 Besaro,
665 502 800 580 Caesari,
832 502 960 570 leudeto
990 501 1145 589 principi,
1178 497 1234 588 qai

107 609 214 671 seculus
232 611 277 672 est
299 606 477 672 Hem-icum
508 609 694 692 septimum,
718 609 907 674 Benedictus
930 609 1130 674 duodecimus
1152 629 1234 692 pon·

106 711 181 788 tifex,
200 733 329 796 eumque
351 714 459 778 omnis
482 713 607 799 generis
629 714 880 780 execrationibus
903 713 1163 798 persequebatur,
1188 713 1234 778 ita

103 813 223 900 quidem,
245 821 279 882 ut
300 817 492 896 Ludoricus,
516 817 611 885 Italis
631 819 751 898 relicta,
775 841 848 884 eum
870 819 1001 885 iusidias
1024 823 1056 882 et
1078 837 1233 884 venenum

103 925 247 998 metueret,
269 945 413 988 reversus
429 925 463 987 in
481 921 701 1010 Germefniarn,
725 929 899 990 conventus
921 927 1029 1009 egeret
1052 921 1233 1006 principum

102 1025 238 1105 omnium,
259 1032 290 1092 et
311 1028 480 1094 doctorum
503 1029 676 1106 hominum,
701 1030 912 1107 Francoforti,
934 1030 968 1094 in
989 1028 1104 1112 quibus
1120 1027 1234 1090 recite-

102 1128 152 1193 bst
172 1131 382 1196 intolerabiles
404 1134 612 1198 contumelias
635 1134 830 1218 injuriasque
848 1134 909 1199 sibi
925 1133 1025 1198 factas
1041 1155 1060 1196 a
1074 1129 1233 1214 pontifice.
1258 1219 1262 1226 Ι

101 1232 241 1316 Repetens
263 1237 378 1302 deinde
401 1239 599 1322 superiorum
632 1242 809 1323 temporum
841 1237 1009 1315 historias,
1045 1241 1078 1300 et
1106 1255 1235 1299 suorum

101 1339 249 1422 majorum,
272 1341 491 1406 Romanorum
514 1341 682 1420 Oaesarum,
706 1365 835 1418 morem,
864 1343 965 1408 mulla
987 1339 1175 1406 decernebat
1197 1358 1235 1402 ex

100 1442 211 1526 imperii
233 1445 402 1532 dignitate,
427 1446 460 1510 in
482 1447 564 1512 hanc
586 1448 793 1512 senteutiam:
824 1447 869 1512 Ut
890 1447 950 1512 soli
972 1447 1121 1512 electores
1144 1443 1235 1528 prin·

102 1545 174 1632 cipes
195 1548 327 1634 imperii,
351 1556 542 1636 potestatem
565 1557 597 1616 et
615 1553 668 1636 jus
690 1553 829 1620 habeant
855 1552 981 1618 creandi
1003 1551 1145 1618 Gesseris.
1190 1547 1236 1614 Ut

651 1675 669 1712 ss

105 1753 141 1820 le
154 1754 232 1842 Pape
246 1759 380 1825 Bencist
402 1761 561 1828 douzieme
583 1763 677 1826 estoit
699 1785 834 1848 ennerny
857 1763 969 1828 mortel
986 1762 1024 1826 de
1039 1761 1235 1845 l'Empereur

102 1861 184 1926 Iouis
198 1865 403 1944 deBarieres,
422 1867 531 1933 Prince
545 1868 681 1946 loueble,
698 1869 751 1953 qui
768 1867 854 1934 auoit
865 1868 992 1933 succede
1004 1871 1022 1931 b
1033 1865 1142 1951 Henry
1153 1862 1233 1930 VII:

104 1972 131 2031 et
147 1969 175 2033 le
195 1973 386 2056 persecutoit
407 1972 445 2036 de
467 1977 571 2038 toutes
594 1979 693 2038 sortes
716 1972 1084 2038 d'eircourmuniestions:
1116 1970 1143 2034 si
1173 1991 1236 2056 que

103 2071 281 2158 l'llmpereur
302 2079 474 2162 croignaut
497 2077 541 2142 les
565 2077 732 2142 embuches
756 2081 788 2142 et
809 2077 839 2141 le
858 2077 979 2141 boucon
997 2075 1094 2140 laissa
1109 2074 1235 2154 l'Italie,

104 2183 132 2242 et
151 2181 237 2245 retiret
257 2181 352 2266 [123]
377 2204 417 2246 en
435 2182 607 2267 Alemsgne
630 2182 694 2246 tint
718 2203 778 2246 une
797 2182 929 2266 journee
951 2185 971 2245 b
994 2178 1170 2258 Francfort,
1193 2183 1236 2246 cir

106 2283 126 2346 il
144 2285 221 2350 croit
240 2286 396 2350 resemble
419 2290 489 2350 tous
511 2286 556 2350 les
579 2285 707 2351 Prinees
736 2291 768 2350 et
799 2286 845 2351 les
874 2308 954 2371 geue
975 2305 1098 2349 sarens.
1142 2282 1189 2347 Le
1212 2283 1237 2348 il

106 2389 189 2453 recita
209 2391 251 2456 les
273 2397 358 2456 toris
380 2397 414 2456 et
435 2398 582 2478 outrcges
603 2392 807 2456 intolersbles
825 2395 844 2456 ὲ
860 2393 915 2476 luy
931 2390 1006 2456 faits
1022 2411 1080 2474 per
1096 2389 1125 2454 le
1139 2386 1234 2472 Papo.

107 2490 171 2558 Pois
190 2497 368 2564 discouranl
389 2497 436 2562 les
458 2496 606 2562 histoires
629 2498 671 2561 du
694 2501 798 2581 temps
828 2498 933 2581 pesse,
965 2501 997 2560 et
1019 2495 1051 2560 ls
1073 2497 1236 2560 coustume

106 2597 200 2663 deses
221 2601 454 2684 predecesseurs
475 2601 663 2686 Empereurs
684 2601 855 2680 Romaim,
877 2603 915 2668 fit
937 2602 1093 2686 plusieurs
1116 2598 1237 2664 decrets

106 2722 176 2782 pour
194 2703 359 2770 l'honneur
381 2705 419 2770 de
442 2705 608 2790 l‘Empire:
632 2706 710 2770 dont
731 2708 763 2770 le
784 2711 895 2771 teneor
918 2710 975 2784 est,
998 2705 1131 2782 Queles
1153 2700 1237 2768 seule

106 2805 249 2874 Electeure
265 2809 397 2876 Princes
411 2811 449 2874 de
465 2811 616 2896 l’Empire
631 2815 727 2896 eyent
747 2812 910 2896 puissence
933 2815 965 2876 et
987 2811 1071 2876 droit
1092 2809 1130 2876 de
1153 2809 1238 2874 order

654 2936 672 2973 2

109 3015 263 3085 dborrecis
283 3044 341 3086 con
362 3023 435 3087 odio
457 3023 573 3088 mortel
595 3023 625 3087 el
647 3021 734 3107 Peps
757 3022 872 3087 Benito
893 3020 1082 3108 ‘duodecimo
1108 3019 1140 3084 sl
1161 3017 1238 3084 Em·

107 3121 223 3202 perador
243 3123 401 3192 Ludorico
423 3127 557 3205 Bararo,
581 3148 641 3213 que
663 3126 716 3192 lue
739 3149 782 3192 un
798 3126 947 3211 Principe
969 3148 1045 3210 may
1067 3122 1236 3200 excolente,

108 3245 160 3306 que
180 3228 248 3292 rino
277 3231 408 3314 despues
440 3231 479 3295 de
500 3230 656 3296 Henrrico
686 3231 839 3316 septimo:
869 3253 891 3316 y
922 3230 1043 3296 hsziele
1071 3227 1162 3294 todos
1192 3227 1239 3290 los

108 3327 268 3396 siasabores
292 3357 353 3418 que
375 3357 415 3398 en
431 3335 460 3398 el
476 3336 593 3401 mundo
607 3336 712 3418 podis,
734 3336 1011 3421 yespecielmente
1026 3335 1058 3398 lo
1073 3331 1240 3418 perseguia

108 3455 158 3498 con
178 3437 246 3502 lodo
267 3460 385 3524 genero
408 3441 445 3503 de
468 3441 671 3506 moidiciones
694 3442 989 3525 yexcomuniones:
1011 3444 1103 3504 tanto
1126 3459 1187 3522 que
1210 3439 1239 3502 el

109 3535 250 3606 ludovico
272 3565 332 3608 uro
355 3544 393 3607 de
414 3545 509 3608 dexsr
532 3567 551 3608 a
573 3543 677 3624 Italia,
701 3568 820 3630 perque
842 3569 874 3611 se
890 3546 987 3611 ternio
1001 3543 1239 3629 detrayciones,

110 3643 179 3720 yde
198 3667 244 3709 ser
264 3647 428 3732 atosigsdo
458 3649 609 3732 ybuelto
631 3673 650 3714 a
673 3649 858 3731 Alcmenie,
894 3651 965 3714 hizo
997 3647 1239 3733 cyuntamiento

111 3744 143 3808 de
162 3749 244 3816 lodos
266 3753 312 3817 loe
326 3752 491 3838 Principes
512 3778 534 3839 y
549 3755 696 3820 hombres
712 3757 820 3822 doctos
836 3778 877 3821 en
893 3753 1113 3820 Frsnceforte:
1138 3751 1240 3815 donde

111 3851 195 3916 recito
215 3854 259 3920 les
282 3857 484 3924 intolerables
507 3859 683 3945 afrenlesy
706 3859 840 3944 iujurias
863 3881 924 3942 que
945 3858 975 3923 le
997 3858 1068 3923 aria
1090 3855 1189 3921 hecbo
1210 3853 1241 3918 el

111 3950 265 4024 Pontifice:
298 3961 473 4046 ydespues
500 3963 677 4047 repitiendo
709 3965 756 4029 las
789 3963 939 4029 historias
968 3963 1006 4026 de
1034 3961 1082 4026 loe
1104 3961 1240 4044 tiempos

114 4061 261 4140 mim,
283 4089 304 4150 y
329 4068 367 4131 de
390 4089 441 4130 sus
465 4067 712 4152 predecessores,
743 4069 790 4133 los
812 4067 1039 4152 Emperodores
1063 4065 1239 4130 Romanos:

114 4165 275 4252 constituyo
300 4171 355 4236 olli
379 4171 506 4236 muchss
528 4193 615 4236 cosss
638 4193 677 4237 en
699 4172 789 4238 favor
812 4173 851 4238 de
874 4171 906 4236 le
928 4170 1077 4256 dignided
1102 4167 1152 4234 del
1175 4166 1240 4232 Im·

115 4269 205 4350 perio:
227 4274 323 4340 Come
345 4299 388 4353 es,
410 4299 470 4360 que
492 4278 575 4343 solos
597 4277 645 4343 los
666 4278 827 4344 Electores
848 4275 1013 4372 Principes
1036 4275 1085 4338 del
1105 4272 1242 4356 Imperio
1266 4319 1267 4322 ,

119 4379 253 4448 iuuesmn
285 4385 431 4470 potested
462 4407 482 4470 y
512 4384 644 4452 derecho
674 4385 712 4450 de
742 4383 842 4486 elegir
863 4381 1066 4468 Emperador.
1112 4378 1179 4458 Qua
1201 4399 1243 4444 no
