3074 4952
648 305 710 366 241

119 496 273 562 reguomm
294 472 429 550 tinibus,
454 473 492 536 in
514 470 573 536 bac
595 475 703 537 nostra
718 470 845 558 Europa
859 473 996 540 conferri
1019 482 1123 542 tecum
1145 479 1256 562 possit,

119 581 216 647 nullus
238 578 350 645 existat
372 579 536 662 princeps.
580 577 686 660 Atque
708 581 741 642 te
763 577 859 643 talem
882 583 1010 664 tamque
1032 580 1096 646 late
1118 603 1256 668 regnan·

118 693 176 752 tem
196 689 225 751 et
246 684 295 748 his
316 683 500 748 rationibus
522 685 668 762 auctum,
694 681 847 750 Caesarem
869 706 935 750 esse
958 685 1058 752 voluit
1080 685 1173 752 Deus.
1214 687 1257 754 Et

116 793 191 857 sicut
209 787 364 855 familiam
388 791 498 866 tuam,
533 787 692 852 continuis
713 787 871 853 honorum
895 787 1063 874 gradibus,
1098 795 1130 856 et
1152 793 1255 858 incre-

112 896 222 962 mentis
243 915 348 979 opum,
373 893 533 979 singulari
556 892 691 977 quodam
714 894 846 958 consilio
869 895 1084 980 amplificavit,
1108 896 1155 962 ita
1177 919 1256 981 quo-

111 1025 170 1088 que
191 1003 248 1068 sub
270 1000 397 1085 imperii
419 999 469 1064 tui
492 999 700 1084 primordium
723 999 839 1064 exoriri
855 1000 956 1064 uoluit
971 999 1054 1064 hanc
1069 1007 1256 1084 praesentem

110 1109 352 1184 couversionem,
376 1127 440 1189 qua
462 1105 525 1196 piis
547 1104 707 1170 mentibus
731 1104 815 1169 nihil
836 1109 893 1171 aut
908 1105 1079 1190 jucundius
1093 1111 1149 1172 aut
1164 1110 1255 1190 opta-

110 1215 201 1280 bilius
223 1215 332 1298 potest
354 1208 489 1274 evenire.

190 1317 315 1384 Paucos
344 1319 377 1380 et
406 1313 547 1380 illustres
576 1313 729 1397 quosdam
750 1313 886 1400 singulis
918 1315 1113 1398 temporibus
1143 1316 1255 1382 heroas

108 1427 237 1493 excitare
252 1422 338 1488 solet
352 1419 449 1496 Deus,
472 1439 544 1482 cum
567 1417 704 1503 insignis
727 1417 836 1503 aliqua
857 1440 962 1484 rerum
985 1419 1147 1502 impendet
1170 1442 1255 1486 com·

109 1531 247 1598 mutatio.
289 1527 411 1611 Cyrum
434 1523 473 1588 ad
496 1520 556 1587 hoc
579 1521 721 1588 instituit
742 1526 775 1586 et
797 1522 923 1608 delegit,
948 1527 986 1588 nt
1008 1523 1048 1588 ab
1071 1525 1141 1612 ipso
1164 1526 1256 1591 resti-

109 1640 191 1702 tutus
213 1630 362 1699 libertati
385 1629 519 1712 populus
542 1626 734 1694 israeliticus
757 1631 789 1692 et
811 1649 828 1694 e
851 1628 1037 1712 captivitate
1059 1631 1182 1696 solutus
1205 1631 1255 1694 in·

110 1763 165 1825 que
184 1739 328 1824 patriam
350 1733 499 1798 remissus
521 1734 677 1817 templum
699 1731 779 1796 illud
802 1735 869 1796 toto
892 1735 1049 1800 terrarum
1076 1736 1151 1800 orbe
1174 1735 1254 1802 cele-

110 1846 296 1922 berrimum,
322 1842 364 1907 ab
386 1838 527 1923 Assyriis
550 1841 583 1904 et
605 1836 792 1922 Babyloniis
816 1837 979 1917 dirutum,
1008 1839 1255 1917 reaedificarent3

109 1950 188 2016 bunc
209 1952 320 2035 ipsum
344 1945 446 2009 uoluit
470 1965 534 2008 esse
558 1942 822 2027 potentissimum,
847 1942 1011 2010 Medorum
1034 1949 1066 2010 et
1089 1944 1256 2012 Persarum

108 2077 228 2142 regem3
265 2055 298 2118 ct
334 2049 417 2115 hauc
449 2049 515 2133 ejus
538 2051 661 2114 tantam
683 2047 917 2133 benignitatem
940 2049 974 2112 in
997 2047 1159 2116 Israelitas
1193 2051 1253 2116 ali·

108 2165 180 2244 quot
201 2157 329 2224 saeculis
351 2159 427 2219 ante
449 2153 605 2238 predixit,
631 2175 726 2238 quam
749 2157 845 2220 natus
867 2157 957 2220 esset.
1003 2153 1085 2220 Eum
1108 2155 1255 2239 plurimis

109 2264 214 2329 deinde
235 2261 419 2346 interjectis
441 2260 533 2324 aunis
556 2266 681 2324 secutus
703 2262 752 2323 est
774 2259 970 2346 Alexander,
993 2260 1035 2325 ob
1058 2259 1184 2343 imperii
1206 2283 1255 2325 re·

108 2389 233 2454 rumque
256 2369 426 2452 gestarum
450 2363 691 2448 amplitudinem
707 2365 845 2452 Magnus
868 2365 1055 2450 appellatus,
1079 2365 1168 2449 cujus
1190 2365 1256 2430 vic·

108 2475 192 2538 toria
213 2493 329 2538 omnes
353 2473 446 2534 eraut
468 2468 580 2534 fatales
594 2474 607 2548 ,'
635 2470 767 2535 minime
795 2472 936 2536 obscuris
966 2469 1132 2536 verborum
1165 2471 1256 2554 tegu-

106 2579 216 2645 mentis
240 2601 260 2642 a
274 2576 414 2642 Daniele
437 2575 666 2659 praenuntiatae.
699 2574 835 2660 Aliquot
850 2580 922 2659 post
945 2575 1140 2660 temporibus
1164 2595 1255 2638 exus·

105 2685 216 2749 citatus
245 2687 297 2748 est
330 2679 540 2764 Juslliij]lius
563 2679 684 2760 Caesar,
720 2680 775 2764 qui
805 2680 915 2745 multis
944 2681 1038 2746 rebus
1069 2680 1196 2746 fortiter
1226 2683 1259 2744 et

105 2787 250 2874 praeclare
274 2787 380 2873 gestis
402 2789 513 2850 auctor
535 2785 615 2864 fuit,
638 2790 691 2862 ut,
725 2785 780 2870 qui
803 2789 872 2850 erat
894 2791 988 2851 antea
1009 2786 1172 2871 popularis
1194 2785 1257 2849 rei-

105 2895 235 2978 publicae
256 2892 416 2957 Romanae
438 2895 556 2970 status,
588 2894 836 2956 commutaretur
868 2893 902 2955 in
932 2891 1055 2977 regium
1078 2911 1176 2977 prope
1199 2891 1255 2955 do-

105 2997 269 3062 minatum.
318 2992 434 3079 Neque
462 2995 562 3059 multo
584 2997 659 3080 post
680 2995 762 3059 hanc
784 2995 910 3078 imperii
932 2996 1141 3060 mutationem
1164 3015 1255 3058 exor-

105 3105 153 3166 tus
175 3107 223 3167 est
245 3100 305 3165 ille
325 3097 464 3183 justitiae
487 3100 551 3177 sol,
586 3099 766 3184 redemptor
797 3103 829 3164 ct
860 3105 1000 3165 servator
1031 3103 1147 3166 noster.
1195 3097 1255 3162 Ille

105 3229 173 3272 rem
195 3207 385 3272 dominatus
407 3208 445 3268 ut
466 3203 576 3288 populi
592 3203 729 3268 Romani
750 3205 931 3270 libertatem
955 3204 1087 3284 adflixit,
1110 3205 1156 3268 ita
1178 3224 1257 3287 quo·

107 3333 163 3396 qne
184 3311 371 3378 doctrinam
395 3313 430 3373 et
450 3309 678 3394 religioncma
709 3309 879 3375 liberatore
910 3315 1019 3374 nostro
1051 3307 1258 3374 constitutam

107 3421 137 3480 et
157 3417 302 3482 relictam
327 3413 482 3478 acerrime
504 3417 684 3498 persecutus
699 3421 757 3492 est,
781 3415 821 3479 ad
836 3419 994 3480 trecentos
1007 3414 1132 3479 circiter
1147 3434 1255 3477 annos.

109 3523 173 3600 Quo
189 3527 339 3607 tempore
355 3517 462 3583 Cacsar
478 3517 638 3584 Romanus
655 3519 884 3584 Constantinus
904 3518 1060 3603 euangelii
1083 3518 1259 3583 doctrinam

109 3625 283 3710 complexus
308 3624 394 3702 fuit,
430 3623 485 3706 qui
512 3627 543 3688 et
571 3623 639 3708 ipse
672 3627 802 3707 propter
836 3623 961 3708 egregie
993 3621 1181 3706 fortiterque
1204 3622 1259 3686 ad·

109 3729 323 3798 ministratam
347 3726 578 3810 rempublicam
594 3727 706 3814 Magni
722 3748 896 3811 cognomen
911 3728 1046 3811 adeptus
1061 3731 1118 3792 est.
1150 3725 1260 3810 Longo

108 3833 213 3900 deinde
242 3838 319 3920 post
352 3833 523 3897 intervallo
554 3832 674 3916 prodiit
707 3831 855 3912 Carolus,
890 3855 907 3898 e
939 3832 1135 3898 Francorum
1167 3835 1262 3896 natus

109 3937 234 4021 familia,
258 3939 321 4005 sub
347 3960 413 4021 quo
436 3942 469 4002 et
490 3937 624 4003 divisum
647 3941 696 4002 est
718 3938 905 4022 imperium,
928 3943 961 4002 et
983 3937 1187 4023 pontificatus
1211 3935 1260 3998 in·

110 4044 237 4130 signiter
253 4051 371 4112 auctus
387 4043 454 4108 fuit
469 4047 562 4126 atquc
578 4042 809 4128 locupletatus;
826 4064 959 4126 quorum
976 4046 1135 4126 utrunque
1151 4039 1262 4124 magui

111 4171 178 4216 sane
198 4157 247 4216 est
269 4147 453 4224 momenti,
488 4151 519 4211 et
551 4149 636 4212 iuter
665 4148 876 4213 humanarum
899 4169 1004 4212 rerum
1025 4146 1260 4211 vicissitudines

112 4255 234 4320 minime
255 4259 428 4338 postremo
450 4250 518 4336 loco
542 4253 666 4318 recitari
690 4253 791 4318 debet.
831 4252 894 4317 Hic
915 4255 1021 4317 autem
1037 4249 1178 4330 Carolus,
1201 4254 1261 4318 etsi

151 4375 274 4418 muna·
1019 4355 1051 4412 16
