3146 4962
679 301 761 388 ἰιι

149 492 187 558 de
208 493 352 579 Diogene
374 494 583 578 philosopho,
614 497 716 579 quod,
750 519 822 562 eum
852 499 1119 581 quaestioneretur
1147 503 1185 567 de
1207 523 1302 568 eausa

9 607 13 618 '
148 621 220 663 eum
242 599 380 665 Lentulo
403 605 436 664 et
456 599 613 665 Lentulus
636 606 828 680 commotus,
864 608 1026 670 contracta
1055 607 1168 692 pingui
1191 606 1301 684 salira,

148 704 320 787 inspuisset
336 706 372 774 in
384 706 532 784 frontem,
556 707 768 791 abstersitque
791 708 928 774 mediam
949 716 1104 792 quantum
1125 713 1232 797 potuit
1247 712 1302 778 ille

149 809 262 874 faeiem
293 810 416 876 dicens:
450 812 633 891 affirmabo,
658 814 781 898 inquit,
813 814 977 893 omnibus,
1009 813 1200 892 oLentule,
1231 815 1301 881 felli

121 929 218 994 ⁶eos,
251 916 361 998 quite
383 922 504 1002 negant
527 939 561 982 os
583 918 708 986 hebere.
754 918 866 983 Refert
886 917 1021 997 Seneca,
1053 920 1136 1003 quod
1158 919 1302 986 Socrates

151 1019 263 1084 habuit
294 1021 371 1086 duas
393 1044 506 1088 uxores
529 1025 626 1088 nimis
648 1024 799 1108 zelotipas
822 1029 855 1088 et
873 1024 1094 1102 contentiosas,
1117 1025 1194 1088 adeo
1217 1025 1300 1109 quod

151 1126 284 1208 quedam
313 1126 364 1191 die
393 1129 429 1192 in
459 1129 564 1212 ipsum
587 1131 743 1212 impetum
766 1130 916 1196 facientes
948 1130 987 1194 ad
1010 1133 1129 1212 terram
1151 1151 1224 1194 eum
1246 1129 1300 1194 de-

146 1231 298 1314 jecerunt.
345 1230 421 1297 Alia
442 1238 548 1298 autem
573 1234 661 1313 viee,
693 1255 763 1299 eum
792 1234 919 1298 illerum
943 1256 1009 1298 una
1031 1235 1064 1298 in
1096 1255 1169 1298 eum
1198 1234 1301 1299 multa

150 1335 312 1401 intulisset
333 1338 477 1402 tonitrua
498 1339 803 1416 comminationum,
838 1339 893 1404 ille
924 1339 1128 1404 dissimulans
1158 1339 1239 1403 abiit
1268 1344 1301 1404 et

106 1455 136 1492 10
146 1442 239 1524 juxta
253 1463 380 1507 murum
392 1441 502 1508 domus
517 1445 623 1509 sedere
639 1445 742 1530 eoepit.
788 1444 851 1508 Ille
872 1467 946 1509 vero
962 1443 1088 1509 urinam
1111 1447 1143 1507 et
1159 1443 1298 1508 immun·

150 1546 261 1610 ditium
284 1569 377 1631 super
400 1553 495 1632 caput
517 1549 583 1632 ejus
605 1548 706 1627 fudit,
741 1549 795 1612 sed
817 1547 961 1614 Socrates
993 1545 1078 1611 nihil
1107 1569 1145 1612 ex
1167 1547 1227 1612 hoo
1249 1569 1299 1612 as-

148 1655 277 1735 peratus
300 1653 396 1735 ooepit
418 1656 542 1739 tergere
566 1658 660 1737 caput
682 1653 805 1718 dicens:
829 1653 978 1731 sciebam,
1011 1653 1095 1735 quod
1119 1656 1191 1736 post
1213 1653 1299 1718 toni-

148 1761 222 1824 trua
244 1757 352 1842 pluvia
374 1763 569 1842 sequeretur.
614 1757 693 1824 Cum
722 1763 828 1824 autem
851 1759 944 1824 amici
968 1758 1168 1824 consulerent
1190 1759 1229 1838 ei,
1262 1762 1300 1823 ut

148 1883 199 1926 eas
221 1863 400 1946 expelleret,
432 1864 615 1946 respondit:
638 1865 741 1942 disco,
771 1865 874 1948 qualis
896 1864 957 1928 sim
980 1864 1015 1928 in
1038 1862 1125 1940 foro,
1158 1863 1218 1928 hoo
1240 1869 1297 1942 est,

109 1979 136 2016 1⁵
150 1965 234 2031 diseo
243 1968 277 2032 in
290 1969 383 2033 domo
395 1968 592 2053 patientiam,
602 1973 639 2032 ut
645 1969 747 2053 ipsam
759 1971 793 2032 in
806 1969 876 2034 foro
885 1969 1058 2035 exhibeam.
1084 1967 1163 2032 Cum
1171 1969 1299 2053 quidem

150 2076 304 2152 quaereret
319 2096 338 2136 a
353 2073 528 2139 Theodosio
543 2073 686 2158 piissimo
702 2073 901 2158 imperatore,
919 2074 1074 2157 quomodo
1090 2073 1136 2138 sie
1153 2073 1298 2159 proprias

151 2176 283 2260 injurias
305 2179 484 2243 sustinebat
506 2182 538 2242 et
562 2201 594 2242 se
617 2178 767 2244 laedentes
783 2179 941 2256 audiebat,
966 2201 1023 2244 neo
1038 2179 1210 2258 occidebat,
1234 2180 1299 2244 ait:

150 2284 210 2348 hoc
232 2282 380 2362 facimus,
404 2288 441 2348 ut
463 2284 501 2348 ad
521 2284 619 2348 vitam
642 2285 799 2370 possimus
822 2289 964 2349 mortuos
988 2305 1152 2361 revocare,
1182 2283 1215 2346 id
1239 2289 1299 2362 est,

150 2388 264 2472 impios
287 2389 325 2452 ad
348 2388 499 2467 virtuteS,
533 2389 608 2472 quia
640 2410 705 2453 non
737 2395 786 2455 est
806 2411 958 2475 magnum
981 2391 1120 2456 occidere
1142 2390 1297 2454 viventes.

107 2502 135 2540 ²⁰
150 2492 219 2558 Hoo
241 2493 326 2558 enim
348 2514 441 2578 agere
464 2498 597 2577 possunt
620 2495 716 2559 etiam
740 2495 904 2560 immunde
927 2498 960 2558 et
981 2494 1112 2558 inimica
1134 2493 1298 2572 animalia,

150 2602 328 2683 cerpentes,
360 2620 483 2664 areneae
513 2605 545 2664 et
574 2599 701 2664 similia.
746 2599 807 2666 Sed
836 2621 989 2686 magnum
1021 2601 1124 2663 estet
1146 2599 1205 2664 soli
1229 2597 1297 2662 Deo

148 2703 300 2786 possibile
321 2709 464 2769 ‘mortuos
487 2704 682 2770 resuscitare.

149 2877 206 2943 De
229 2879 410 2958 bubone,
432 2879 509 2963 qui
532 2879 674 2944 voluit
697 2879 850 2944 habere
872 2879 1100 2945 dominium
1123 2877 1298 2955 alitum,

646 2984 720 3049 dial.
744 2987 795 3048 82.

109 3141 136 3180 2⁶
237 3125 329 3190 Bubo
351 3149 370 3191 a
391 3147 468 3191 sono
491 3127 575 3192 vocis
599 3147 713 3190 nomen
736 3124 850 3202 habet,
881 3128 917 3188 ut
944 3125 1024 3189 dicit
1044 3123 1193 3188 Isidorus.
1238 3121 1298 3186 Est

149 3233 255 3294 eutem
278 3230 345 3296 avis
367 3231 475 3296 ferulis
500 3234 615 3296 onusta
643 3229 777 3313 plumis,
810 3229 864 3293 sed
895 3228 985 3314 gravi
1016 3249 1138 3312 semper
1170 3227 1298 3290 detenta

150 3335 289 3418 pigritie.
335 3333 457 3400 Debilie
479 3339 528 3400 eet
549 3335 588 3400 ed
611 3333 790 3398 volandum.
837 3332 896 3396 Ait
918 3333 1014 3398 etiam
1037 3333 1185 3415 quidam:
1213 3332 1298 3397 bubo

150 3439 232 3504 bibit
253 3461 312 3504 ova
334 3439 497 3518 columboe,
521 3461 625 3504 mures
650 3442 794 3516 venetur,
818 3439 853 3501 in
865 3437 1004 3503 eeclesiis
1027 3436 1176 3501 habitans
1194 3435 1297 3501 oleum

149 3543 187 3608 de
210 3543 409 3630 lampadibus
431 3545 515 3609 bibit
536 3549 568 3610 et
591 3549 699 3608 tamen
714 3542 850 3607 defoedat
875 3564 944 3606 eam
969 3541 1171 3619 stercoribus,
1195 3563 1297 3625 quen·

109 3669 135 3704 ιο
149 3647 189 3712 do
211 3648 420 3733 impugnatur
442 3650 482 3714 ab
504 3649 576 3714 aliis
600 3649 721 3725 avibus,
745 3669 815 3731 quae
835 3648 869 3710 in
883 3647 953 3711 luce
968 3646 1126 3740 habitent,
1149 3646 1299 3730 resupina

149 3754 264 3836 pedum
288 3753 447 3837 unguibus
470 3775 503 3818 se
520 3752 670 3832 defendit,
694 3754 731 3817 de
747 3758 841 3817 noete
855 3756 1008 3848 evagatur
1030 3754 1062 3816 et
1081 3751 1296 3830 circumvolet,

148 3859 260 3922 dedic
292 3879 365 3923 vero
396 3858 430 3921 in
453 3879 615 3922 murorum
638 3859 762 3922 rimulis
791 3879 823 3921 se
853 3857 1025 3921 abscondit.
1072 3854 1141 3920 Hae
1162 3879 1219 3920 ave
1243 3878 1296 3920 ca-

79 3995 89 4002 -
149 3963 282 4048 piuntur
304 3967 416 4028 oeterae
438 3964 598 4041 volumen,
630 3985 699 4046 quse
723 3961 985 4028 circumvolantes
1006 3983 1078 4026 eum
1102 3960 1295 4045 deplumant,

109 4191 135 4231 ³⁵
149 4195 186 4239 eo
209 4174 448 4259 deprehendunt
469 4173 548 4238 alies
570 4193 653 4238 aves.
698 4171 823 4236 Plinius
844 4171 940 4252 dicit,
977 4171 1061 4256 quod
1091 4194 1110 4235 a
1132 4171 1231 4237 cauda
1259 4173 1298 4238 de

148 4301 207 4344 ovo
230 4280 305 4357 exit,
329 4279 478 4364 quoniam
502 4279 640 4363 pondere
662 4277 776 4360 capitis
798 4280 921 4362 partem
943 4297 1109 4361 corporum
1130 4281 1232 4344 mater
1246 4277 1295 4344 fo·

147 4386 282 4450 vendam
304 4387 452 4472 applicat.
498 4384 557 4451 Est
579 4385 681 4471 igitur
702 4383 769 4450 evis
786 4387 942 4449 nootuma
963 4386 996 4448 et
1010 4383 1196 4468 turpissime
1210 4386 1296 4452 inter

1022 4486 1087 4552 15*
