3058 4946
828 318 890 381 128

279 489 341 554 nisi
364 487 547 554 divitiarum
576 490 608 552 et
639 489 698 553 otii
730 490 939 574 consequendi
969 511 1081 570 causa,
1116 493 1199 576 quod
1233 493 1337 578 ipsum
1365 516 1422 560 non

280 593 439 679 negabitis
469 594 590 678 opinor.
644 593 687 657 Et
719 593 830 670 hodia,
863 594 989 678 quando
1019 595 1169 660 beneficio
1198 596 1257 662 Dei
1288 598 1424 664 doctrina

280 699 398 777 illuxit,
421 698 535 764 vestris
558 699 737 762 adversaria
759 699 1046 778 commoditatibus,
1074 701 1244 766 etidcirco
1269 703 1357 767 vobis
1378 704 1423 768 in-

280 805 356 883 visa,
380 803 565 869 convertitis
588 803 645 868 illa
667 801 736 886 ipsa
759 801 851 880 bona,
876 824 945 887 quae
969 803 1097 868 nomine
1119 809 1151 869 et
1173 805 1269 870 titulo
1294 807 1424 872 ecclesia

280 909 462 994 possidetis,
496 908 536 974 ad
557 908 864 992 eversionem-hujus
888 909 1059 986 doctrinae,
1093 932 1162 993 quae
1192 911 1275 976 nihil
1304 912 1426 996 quidem

280 1012 369 1078 vobis
392 1011 496 1096 eripit,
520 1012 574 1076 sed
596 1009 643 1095 [K
651 1011 714 1095 iiij]
736 1033 791 1076 vos
814 1011 911 1076 officii
934 1013 1036 1076 solum
1063 1014 1159 1078 vestri
1188 1016 1425 1082 commonefacit

281 1124 314 1183 et
335 1118 374 1182 ad
396 1117 558 1182 meliorem
580 1115 706 1202 frugem
729 1116 856 1181 invitat.
901 1116 930 1180 A
955 1117 1044 1182 robis
1074 1119 1193 1184 factum
1222 1126 1271 1186 est
1302 1121 1425 1186 initium

281 1224 454 1289 turbamm.
506 1222 568 1300 Qui
598 1221 780 1306 reipublicae
810 1221 889 1286 bene
921 1223 1150 1288 constituenda
1179 1217 1333 1290 formulas
1365 1233 1425 1292 tra·

280 1329 437 1408 diderunt,
461 1328 633 1394 cavendum
657 1349 723 1392 esse
738 1326 857 1404 dicunt,
882 1350 921 1392 ne
936 1328 1059 1393 functio
1075 1331 1280 1414 magistratus
1297 1333 1341 1395 ait
1357 1332 1426 1408 illis,

281 1434 336 1518 qui
358 1433 601 1510 administrant,
635 1437 831 1516 quaestuosa,
866 1437 899 1498 et
929 1433 1098 1498 vivendum
1125 1435 1203 1519 ipsis
1225 1459 1292 1500 esse
1314 1441 1428 1521 putant

281 1540 330 1606 vel
353 1561 392 1604 ex
414 1561 447 1602 re
469 1537 620 1604 familiari
642 1539 693 1602 vel
715 1559 752 1602 ex
775 1539 886 1604 aerario
909 1540 1053 1624 publico,
1076 1562 1132 1618 ne,
1160 1542 1186 1604 si
1210 1542 1327 1626 privati
1350 1543 1428 1606 cives

281 1646 409 1710 videant
431 1643 503 1707 illos
526 1665 564 1706 ex
586 1643 767 1727 reipublicae
789 1644 881 1709 bonis
904 1645 1065 1724 ditescere,
1087 1668 1120 1712 se
1142 1669 1215 1711 vero
1238 1669 1302 1714 non
1325 1647 1424 1713 solum

189 1799 197 1810 .
282 1749 322 1816 ab
343 1748 526 1827 honoribus,
549 1748 755 1812 verumetiam
777 1772 797 1813 a
819 1769 875 1832 epe
896 1750 1050 1815 commodi
1074 1752 1226 1816 removeri
1248 1774 1373 1836 semper
1398 1755 1427 1816 et

281 1853 414 1936 excludi,
438 1857 702 1918 commoveantur.
743 1852 785 1917 ut
808 1853 867 1918 hoe
889 1855 1015 1938 quidem
1039 1856 1087 1920 illi
1110 1843 1279 1922 consulant
1300 1858 1340 1922 iis
1362 1879 1424 1921 ma·

283 1959 481 2047 gistratibus,
498 1957 554 2042 qui
568 1979 640 2022 suas
659 1959 869 2043 cogitationes
884 1961 1012 2024 omneis
1020 1965 1115 2044 atque
1129 1962 1235 2027 studia
1249 1961 1426 2042 civitatibus

281 2065 479 2150 impendunt.
515 2063 587 2129 Jam
609 2063 649 2130 ad
672 2085 726 2128 vos
742 2065 804 2149 ipsi
818 2067 974 2150 respicite.
1012 2065 1163 2132 crevistis
1185 2066 1219 2130 in
1243 2067 1426 2132 immensum

281 2175 313 2236 et
334 2169 448 2256 opibus
470 2174 502 2235 et
524 2190 663 2234 numero.
712 2170 802 2248 Quod
824 2171 987 2254 proprium
1012 2175 1059 2236 est
1081 2173 1178 2237 vestri
1200 2171 1351 2249 muneris,
1375 2192 1426 2234 ne·

281 2277 406 2365 gligitis
429 2280 525 2361 atque
545 2276 758 2340 contemnitis.
790 2277 841 2342 Ad
857 2276 940 2341 istud
956 2279 1029 2342 vitae
1052 2299 1163 2361 genus,
1186 2278 1269 2361 quod
1292 2283 1427 2360 quastus
1467 2341 1470 2350 ,

280 2385 407 2447 tantum
428 2381 533 2465 gratia
555 2381 725 2464 suscipitis,
751 2382 831 2446 nulli
854 2385 943 2465 patet
966 2384 1080 2462 aditus,
1104 2383 1168 2446 nisi
1189 2384 1245 2466 qui
1267 2383 1310 2446 ait
1333 2381 1426 2446 mori·

281 2487 339 2552 bus
369 2489 401 2550 et
434 2484 584 2549 instituto
617 2485 715 2550 vestri
745 2485 868 2550 similis.
921 2485 963 2550 Et
998 2509 1067 2550 cum
1099 2487 1253 2552 maximas
1286 2487 1427 2552 habeatis

280 2611 411 2657 onerum
433 2587 575 2653 civilium
597 2589 775 2654 vacationes
797 2611 834 2654 ae
856 2589 1083 2668 immunitates,
1108 2591 1229 2655 nullam
1251 2595 1359 2656 tamen
1374 2591 1427 2654 ed-

280 2695 371 2760 fertis
393 2692 575 2777 reipublicae
598 2692 861 2758 commoditatem.
908 2692 983 2757 Haec
1013 2694 1214 2777 imqualitas
1238 2717 1303 2760 non
1325 2697 1429 2778 potest
1515 2743 1516 2762 .

281 2821 346 2864 non
369 2819 480 2882 parere
502 2796 701 2862 offensiones.
1514 2803 1516 2820 ⁴

370 2901 571 2986 Objiciuntur
602 2903 691 2966 vobis
724 2923 841 2988 magna
871 2902 1023 2978 erimina;
1058 2924 1113 2967 vos
1147 2903 1228 2968 nihil
1260 2904 1299 2968 ad
1321 2926 1360 2970 ea
1382 2927 1429 2968 re·
1515 2893 1516 2898 ἵ

281 3008 453 3096 spondetis,
477 3029 541 3072 non
564 3007 678 3073 tollitis
701 3008 884 3073 manifestos
904 3009 1030 3086 abusus,
1055 3030 1118 3072 non
1134 3009 1294 3095 corrigitis
1310 3029 1430 3074 errores

230 3107 233 3112 ’
282 3113 496 3200 gravissimos,
519 3113 553 3177 in
576 3113 758 3196 pontificem
780 3115 888 3178 omnia
910 3113 1059 3198 rejicitis,
1090 3116 1249 3180 neminem
1271 3137 1337 3180 esse
1358 3135 1431 3198 spo·
1515 3175 1516 3192 ξ

281 3219 423 3284 liandum
453 3218 613 3298 clamatis,
649 3222 682 3282 et
711 3241 809 3302 supra
839 3219 956 3304 viginti
986 3240 1071 3282 nunc
1101 3241 1202 3284 annos
1225 3219 1306 3284 hano
1330 3221 1431 3303 ipsam
1515 3199 1516 3216 ³

281 3323 473 3390 cantilenam
496 3321 629 3399 canitis,
652 3321 774 3386 nullam
796 3321 925 3386 interim
955 3322 1046 3386 bonae
1076 3323 1192 3396 mentis
1223 3323 1431 3410 significatio·

281 3452 354 3494 nem
381 3427 556 3504 exhibetis,
589 3425 681 3488 fidem
705 3429 737 3489 et
760 3426 974 3510 patrocinium
998 3425 1129 3490 Caesaris
1152 3427 1362 3515 imploreltis,
1397 3449 1434 3491 ac

199 3533 205 3544 ’
281 3533 531 3600 emendationem
553 3553 661 3596 earum
684 3555 806 3608 rerum,
839 3553 909 3614 qum
931 3532 1000 3595 sine
1023 3532 1222 3614 turpitudine
1251 3555 1287 3597 ac
1307 3532 1432 3617 flagitio
1515 3523 1516 3526 ¹

281 3639 409 3704 tolerari
426 3661 489 3702 non
513 3640 655 3721 possunt,
680 3636 785 3702 dicitis
802 3639 961 3721 pertinere
976 3637 1016 3701 ad
1031 3637 1157 3720 imperii
1174 3637 1315 3715 dedecus,
1340 3637 1432 3720 quasi

281 3744 385 3811 Caesar
407 3744 465 3808 has
487 3747 606 3808 vestras
629 3742 716 3807 labes
739 3763 939 3827 propugnare
968 3743 1089 3806 debeat.
1136 3741 1174 3806 In
1207 3741 1367 3826 pontificis
1401 3747 1433 3806 et

281 3848 529 3914 Romanensium
550 3847 735 3930 disciplina,
766 3847 907 3912 moribus
937 3851 969 3911 et
992 3851 1061 3912 tota
1084 3848 1149 3912 rita
1172 3849 1296 3912 nullum
1319 3846 1434 3911 videtis

281 3955 444 4020 laudatum
467 3955 666 4036 exemplum,
701 3974 803 4036 neque
825 3953 970 4032 nescitis,
995 3952 1110 4035 quibus
1134 3953 1257 4017 artibus
1281 3952 1329 4015 illi
1353 3951 1433 4016 Ger·
1515 3995 1516 3998 κ

280 4059 395 4138 maniae
416 4079 503 4142 spem
525 4063 558 4123 et
580 4058 829 4142 expectationem
853 4057 991 4121 eludant.
1029 4057 1200 4139 Quousque
1223 4056 1344 4141 putatis
1366 4055 1435 4120 liaeo

281 4184 348 4228 esse
370 4163 566 4228 differenda?
611 4161 822 4228 Statuendum
844 4166 892 4228 ast
924 4161 1046 4245 aliquid
1076 4161 1215 4226 omnino.
1264 4159 1436 4225 Germania

281 4288 337 4332 vos
360 4269 481 4353 genuit,
504 4289 569 4330 non
591 4271 628 4331 ut
650 4268 684 4330 in
705 4263 806 4351 ipsius
822 4265 993 4351 perniciem
1008 4287 1080 4330 cum
1095 4265 1234 4330 externis
1250 4265 1434 4348 conjuretis,

281 4393 390 4442 verum
411 4374 449 4436 ut
471 4373 605 4438 salutern
628 4373 694 4455 ejus
717 4373 892 4456 procuretis
914 4375 947 4436 et
970 4370 1248 4455 tranquillitatem.
1295 4369 1436 4454 Tempus
