3146 4962
831 305 894 368 232

284 483 342 560 K,
372 482 427 547 hic
455 483 561 546 autem
593 480 684 546 sedeo
707 481 839 564 propter
863 499 971 563 pacem
1003 481 1036 542 et
1057 499 1199 543 amorem
1227 478 1267 540 et
1294 495 1365 538 non
1385 493 1453 557 pm·
1521 496 1524 532 ι

285 589 456 654 tialitatem
478 607 549 650 amo
573 607 630 650 nec
652 605 820 650 rumorem.
867 583 947 649 Oum
969 587 1076 648 autern
1091 583 1151 647 hoc
1167 582 1332 656 dixisset,
1358 583 1406 642 est
1419 577 1454 640 sb

285 693 432 760 omnibus
454 692 595 780 gratiore
616 695 770 776 receptus.
818 689 923 755 Grifes
946 694 1052 755 autem
1076 689 1294 773 spatiabatur
1321 685 1366 750 ad
1388 683 1457 748 libi·

285 804 353 864 tum
376 820 448 864 eum
471 798 581 863 bestiis
604 803 636 863 et
658 796 786 874 avibus,
819 795 1055 880 propterquod
1083 793 1191 859 nullus
1215 793 1264 858 de
1291 813 1334 857 eo
1358 789 1458 872 suspi-

259 904 425 970 sebatur.
471 901 560 968 Inter
583 903 644 968 hoc
666 901 765 988 grifes
788 901 826 966 de
847 923 923 986 pace
945 905 1083 966 tractare
1105 900 1202 984 coepit
1226 902 1268 963 et
1295 897 1383 982 quia
1397 916 1461 959 sus·
1541 929 1542 932 ι

285 1014 394 1096 pectus
419 1031 483 1075 non
507 1011 585 1086 erat,
610 1010 716 1092 partes
738 1006 836 1071 libere
860 1005 893 1070 in
910 1005 1015 1091 ipsum
1031 1005 1350 1090 compromiserunt
1394 999 1463 1083 Ipse

284 1138 358 1181 vero
380 1116 571 1180 sententiam
595 1112 745 1191 dictavit,
777 1111 861 1196 quod
894 1133 1003 1178 omnes
1030 1111 1069 1176 de
1091 1133 1202 1195 campo
1226 1131 1344 1194 quam
1369 1105 1463 1171 citius

284 1243 318 1286 se
340 1223 503 1285 moverent
524 1222 556 1283 et
580 1217 717 1301 amplius
739 1238 804 1281 non
827 1216 862 1280 iu
885 1237 1002 1303 pugna,
1030 1215 1085 1280 sed
1108 1216 1142 1280 in
1165 1237 1245 1300 pace
1272 1215 1484 1288 manerent,

284 1325 409 1390 dicens:
440 1325 497 1408 qui
523 1322 594 1388 vult
616 1344 724 1407 pacem
746 1320 923 1406 possidere,
957 1321 1049 1385 debet
1079 1325 1204 1404 partem
1234 1341 1315 1384 non
1343 1321 1462 1382 tenere.

248 1449 273 1485 1⁰
287 1429 339 1496 Sic
362 1428 498 1513 quilibet
519 1430 702 1512 perpetrare
726 1426 818 1491 debet
841 1426 925 1490 inter
948 1424 1179 1504 discordantes,
1211 1429 1250 1489 ut
1290 1423 1344 1488 sit
1378 1419 1462 1485 filins

285 1535 383 1613 illius,
406 1533 460 1618 qui
485 1533 562 1597 dicit
584 1530 700 1596 Matth.
713 1529 779 1596 V⁰:
803 1531 888 1596 beati
910 1530 1043 1614 pacifici,
1066 1530 1098 1594 id
1114 1533 1163 1594 est
1177 1551 1296 1614 pacem
1324 1531 1461 1612 patran-

284 1645 334 1705 tes
358 1640 442 1703 inter
465 1635 692 1712 discordantes,
717 1636 869 1719 quoniam
890 1634 951 1698 filii
966 1634 1026 1699 Dei
1041 1633 1249 1700 vocabuntur.
1306 1631 1358 1697 Et
1372 1623 1459 1696 Ysei.

285 1743 362 1810 LlI:
385 1742 534 1827 quoniam
558 1740 691 1826 speciosi
705 1739 798 1824 pedes
820 1740 1049 1805 annuntiantes
1072 1761 1190 1823 pacem,
1222 1739 1269 1804 sic
1297 1742 1339 1802 et
1364 1734 1457 1820 pedes

285 1849 483 1936 portantium
498 1846 686 1912 discordiam
701 1850 734 1911 et
751 1845 933 1910 scandalum
947 1845 1188 1925 maledicuntur,
1214 1845 1354 1910 dicente
1373 1838 1456 1907 Feci

249 1973 275 2012 ιι
288 1951 468 2020 XXV11102
498 1973 627 2017 susurro
656 1956 687 2018 et
718 1953 873 2038 bilinguis
902 1953 1088 2020 maledictus
1112 1955 1178 2030 est,
1209 1952 1341 2016 multos
1367 1948 1454 2014 enim

288 2055 431 2122 turbavit
458 2077 567 2139 pacem
590 2054 751 2121 habentes.
798 2056 930 2142 Legitur
953 2057 986 2121 in
1003 2057 1235 2140 Vitespatrum,
1260 2056 1357 2141 quod
1384 2073 1452 2118 cum

287 2163 329 2226 lis
352 2165 435 2225 esset
457 2161 541 2224 inter
556 2183 655 2227 unum
671 2162 824 2247 gentilem
847 2167 880 2228 et
894 2185 994 2229 unum
1013 2163 1223 2229 christianum
1247 2168 1280 2229 et
1296 2159 1454 2228 venirent

287 2267 382 2332 simul
415 2266 530 2331 armati
562 2288 631 2332 cum
661 2268 846 2351 perentibus
879 2273 910 2333 et
941 2268 1052 2335 amicis
1081 2267 1185 2353 parati
1214 2268 1254 2333 ad
1287 2284 1448 2353 pugnam,

288 2375 399 2439 beatus
423 2372 613 2456 Apollonius
636 2372 762 2458 rogavit
783 2395 836 2438 eos
859 2374 897 2438 de
920 2396 1005 2458 pace,
1030 2395 1112 2438 unus
1133 2377 1260 2450 temen,
1296 2371 1359 2457 qni
1388 2368 1449 2432 dis·
1541 2345 1543 2414 l

249 2477 402 2544 socordiae
424 2481 458 2542 et
480 2476 684 2543 dissensionis
706 2483 802 2562 ceput
825 2482 906 2557 erat,
930 2479 979 2542 vir
1002 2478 1202 2544 truculentus
1225 2481 1258 2542 et
1279 2477 1450 2562 malignus

288 2581 481 2668 impediebat
493 2604 601 2666 pacem
614 2584 732 2660 dicens,
756 2582 840 2667 quod
852 2605 951 2668 usque
963 2583 1003 2648 ad
1014 2589 1149 2649 mortem
1165 2605 1256 2648 suam
1272 2605 1337 2648 non
1357 2581 1449 2646 fieret

286 2710 358 2772 pax.
403 2686 493 2750 Tunc
516 2686 597 2751 dixit
618 2688 668 2752 vir
691 2691 837 2753 sanctus:
859 2688 927 2767 fiat,
950 2692 988 2754 ut
1009 2689 1107 2764 dicis;
1132 2687 1241 2752 nullus
1256 2689 1345 2753 enim
1362 2706 1447 2773 prae·

288 2797 338 2858 ter
360 2795 392 2856 te
414 2789 508 2855 hodie
530 2793 718 2876 perimetur,
742 2793 795 2857 sed
818 2815 995 2880 congruum
1017 2793 1132 2859 honori
1156 2797 1213 2858 tuo
1236 2793 1447 2879 sepulchrum

287 2896 348 2961 tibi
369 2895 424 2960 fiet
446 2896 480 2960 in
503 2901 614 2962 ventre
635 2897 809 2962 bestiarum
841 2903 874 2963 et
903 2899 1074 2964 volucrum.
1123 2898 1214 2976 Quod
1242 2899 1290 2963 ita
1319 2897 1444 2964 factum

248 3019 274 3059 ιι
287 3005 345 3079 est,
370 3023 443 3066 nam
465 3003 576 3066 statim
597 3001 662 3067 fuit
683 3003 718 3066 in
741 3024 850 3088 pugne
872 3007 1012 3082 necatus,
1036 3004 1091 3087 qui
1107 3004 1219 3068 sabulo
1240 3003 1445 3068 conculcatus
1542 3081 1543 3092 ,

288 3128 493 3192 permanens,
521 3107 554 3171 in
577 3129 670 3173 mene
693 3129 767 3173 vero
789 3113 936 3193 parentes
961 3110 1142 3187 venientes,
1172 3113 1208 3173 nt
1231 3103 1385 3174 tollerent
1407 3123 1442 3170 ac

288 3212 469 3297 sepelirent,
492 3211 682 3276 invenerunt
702 3234 775 3276 enm
800 3213 1012 3278 avulturibus
1034 3215 1218 3278 devoratum
1242 3217 1274 3278 et
1297 3209 1443 3278 abestiis
1541 3255 1543 3388 ι

289 3319 447 3384 effossum.

237 3533 239 3540 ·
344 3491 397 3557 De
419 3492 561 3568 leone,
585 3491 655 3575 qui
677 3492 877 3556 uxoravit
900 3491 1000 3557 duos
1023 3494 1209 3571 catulos,
1233 3493 1306 3558 dial.
1330 3497 1382 3558 86.
1541 3459 1543 3534 l

249 3653 275 3690 ιο
375 3633 439 3699 Leo
462 3634 539 3699 duos
564 3634 708 3700 uxoravit
731 3635 853 3700 estulos
876 3635 959 3700 filios
982 3657 1054 3700 suos
1077 3639 1110 3699 et
1132 3633 1265 3699 cuilibet
1281 3633 1369 3698 dedit
1383 3632 1440 3698 sil·
1537 3669 1539 3686 ι

288 3761 360 3804 vam
382 3759 532 3825 magnam
554 3738 589 3802 in
612 3737 705 3817 dote,
736 3739 790 3804 sed
821 3743 991 3823 antequam
1023 3739 1176 3804 divideret
1208 3761 1260 3804 eos
1290 3759 1379 3815 ase,
1402 3737 1439 3802 de

288 3845 391 3909 tribus
414 3843 646 3929 ipsos.monuit
667 3843 792 3909 dicens:
815 3843 926 3921 filioli,
949 3843 1018 3910 haec
1044 3845 1109 3909 tria
1129 3845 1284 3910 custodite
1306 3850 1338 3909 et
1360 3845 1439 3909 bene

289 3950 350 4016 erit
372 3951 471 4028 vobis,
495 3949 598 4035 primo
621 3971 730 4033 pacem
752 3972 824 4016 cum
848 3950 961 4014 vestris
984 3951 1138 4028 habentis,
1161 3951 1298 4016 secundo
1314 3951 1438 4026 silvam,

169 4077 174 4086 ·
289 4077 383 4138 quam
406 4055 495 4120 vobis
518 4055 567 4134 do,
591 4055 786 4135 custodietis,
813 4060 848 4120 ut
870 4054 1025 4120 animalia
1048 4056 1318 4140 multiplicentur,
1342 4056 1437 4120 tertio

250 4177 275 4216 ιι
290 4181 361 4224 eum
389 4159 517 4225 homine
545 4182 707 4244 nunquam
740 4161 899 4246 pugnetis.
956 4158 1033 4225 Haec
1065 4161 1166 4244 major
1195 4161 1373 4226 custodiens
1402 4161 1435 4224 in

289 4264 381 4328 bonis
403 4264 580 4343 crescebat,
616 4262 720 4329 minor
750 4269 856 4329 autem
885 4286 958 4329 suos
991 4267 1178 4350 perturbare
1205 4267 1300 4350 coepit
1323 4285 1380 4329 nec
1403 4264 1433 4328 in
1538 4255 1540 4334 s

289 4365 382 4432 domo
404 4389 513 4452 pacem
534 4370 687 4448 habebat,
710 4371 945 4454 propterquod
968 4371 1002 4433 in
1026 4370 1139 4436 silvam
1163 4391 1233 4436 cum
1255 4369 1361 4458 furere
1384 4370 1432 4433 in·
