3172 4962
731 275 790 339 181

194 441 368 510 XXXHF:
402 445 458 530 qui
487 445 542 512 det
572 445 721 531 pauperi,
751 467 815 512 non
839 447 1015 536 indigebit,
1038 448 1094 534 qui
1117 448 1251 534 despicit
1273 448 1343 515 des-

193 561 368 635 perantem,
392 551 563 616 sustinebit
585 551 760 636 penuriam.
807 551 886 618 Oum
910 554 1039 638 quidem
1058 554 1244 638 praedicaret
1259 555 1343 639 apud

193 658 338 722 sanctum
361 653 533 736 Victorem,
558 656 751 740 quesierunt
775 657 931 736 monachi,
955 681 1052 743 quare
1074 659 1119 724 sic
1142 663 1247 725 essent
1261 681 1342 744 pau-

192 759 332 843 periores
361 764 393 824 et
422 761 525 846 magis
555 763 680 848 gravati
712 761 827 827 debitis
865 784 960 847 quam
994 767 1236 842 consueverant,
1272 785 1344 829 cum

163 868 261 929 atum
283 863 409 951 parcius
431 867 574 930 viverent
602 871 635 932 et
664 867 799 952 majores
829 867 1030 951 perciperent
1051 867 1183 934 reditus.
1221 868 1343 946 Quibus

192 968 247 1033 ille
270 968 449 1054 respondit,
481 969 564 1053 quod
594 991 702 1036 verum
730 979 966 1054 procuratorem
999 971 1160 1038 habebant
1181 973 1217 1037 in
1239 974 1343 1053 domo,

194 1073 250 1159 qui
270 1073 378 1139 omnia
400 1074 444 1138 eis
467 1074 642 1141 necessaria
662 1079 904 1160 procuraverat,
938 1077 993 1142 sed
1016 1076 1091 1161 quia
1112 1099 1184 1142 cum
1208 1079 1343 1162 quodam

193 1199 250 1243 suo
272 1178 355 1244 socio
377 1179 415 1244 de
437 1180 566 1245 abbatie
595 1180 712 1264 injuste
741 1181 873 1266 expulso
894 1181 1030 1262 exierat,
1065 1183 1103 1247 de
1134 1187 1247 1248 caetero
1278 1206 1343 1250 non

192 1283 351 1349 rediturus
375 1283 484 1370 (esset)
500 1285 521 1365 ¹,
546 1286 608 1350 nisi
631 1285 686 1351 ille
706 1291 923 1366 revocaretur,
957 1288 1012 1352 sed
1033 1288 1062 1353 si
1084 1292 1247 1354 servarent
1269 1291 1343 1356 hos·

151 1426 179 1464 m
194 1390 386 1477 pitelitatem
409 1391 536 1458 solitam
557 1393 713 1476 priorem,
745 1393 862 1459 rediret
884 1399 916 1459 et
937 1394 1081 1460 redderet
1104 1392 1344 1474 abundantiam,

194 1495 317 1560 dicente
339 1493 424 1560 Deo:
447 1495 519 1562 date
542 1500 574 1562 et
595 1497 726 1564 dabitur
747 1499 847 1578 vobis,
869 1498 964 1567 Lucae
981 1497 1060 1566 .v1⁰.

250 1669 305 1735 De
328 1670 513 1755 quinque
536 1671 788 1739 dentalibus
811 1677 850 1740 et
871 1674 1102 1760 piscatore,
1126 1674 1200 1740 dial.
1224 1679 1276 1742 40.
1335 1675 1338 1680 ’

279 1811 431 1878 Dentales
454 1812 595 1897 quinque
614 1813 745 1898 juvenes
768 1815 903 1900 pingues
925 1818 958 1880 et
980 1815 1116 1880 virtuosi
1144 1817 1180 1880 in
1211 1814 1344 1880 marinis

192 1916 341 1983 fluctibus
373 1915 585 1998 fluctuabant,
617 1919 670 1984 sed
694 1919 823 2004 quidam
846 1920 985 2005 piscator
1015 1920 1089 1985 inde
1119 1919 1277 1985 transiens
1312 1921 1344 1984 et

154 2053 181 2092 rs
194 2025 279 2109 ipsos
302 2044 432 2089 cernens
455 2023 537 2089 retia
570 2045 628 2089 sua
658 2025 762 2090 tendit
792 2028 824 2090 et
854 2025 994 2110 paravit,
1026 2028 1063 2090 ut
1092 2024 1177 2110 ipsos
1208 2026 1343 2108 caperet.

194 2129 344 2194 Dentales
367 2128 427 2194 hoc
448 2129 611 2194 intuentes
633 2129 800 2195 dixerunt:
825 2130 943 2195 bonum
966 2135 1014 2196 est
1037 2130 1132 2195 simul
1148 2149 1207 2214 pro
1223 2128 1344 2194 viribus

194 2237 306 2302 natare
327 2257 364 2300 ac
386 2235 467 2300 retia
489 2235 545 2300 ille
567 2234 781 2321 disrumpere,
805 2239 841 2300 ut
864 2256 1028 2320 nunquam
1051 2235 1152 2321 pisces
1173 2232 1344 2318 decipiant,

193 2339 291 2404 fortes
314 2338 400 2405 enim
422 2361 531 2405 sumus
563 2345 595 2406 et
626 2340 686 2406 hoc
706 2361 800 2426 agere
822 2341 966 2406 volenter
988 2361 1160 2425 possumus.
1208 2338 1344 2416 Quidam

194 2444 324 2509 rumbus
354 2445 506 2530 antiquus
536 2449 569 2511 et
597 2445 723 2533 sapiens
754 2445 787 2509 in
817 2444 976 2530 profundo
1005 2444 1185 2530 quiescebat
1216 2445 1249 2507 et
1279 2440 1346 2506 haec

154 2549 323 2618 inaudiens
346 2551 484 2616 surrexit
506 2554 538 2616 et
560 2551 599 2616 ad
622 2573 674 2616 eos
697 2551 838 2637 perrexit
860 2550 983 2615 dicens:
1006 2547 1109 2627 filioli,
1132 2545 1274 2612 stultitia
1296 2548 1345 2609 est

194 2675 247 2732 ea,
279 2677 349 2740 quae
371 2655 556 2742 cogitastis,
588 2654 717 2722 consulo
739 2655 848 2734 vobis,
881 2655 908 2720 si
933 2653 1068 2719 salntem
1098 2651 1231 2736 cupitis,
1263 2649 1345 2715 retia

193 2759 326 2840 evitate,
357 2760 500 2845 alioquin
523 2782 579 2826 vos
601 2762 634 2826 in
657 2761 778 2832 retibus
810 2765 843 2825 et
865 2761 987 2845 laqueis
1010 2758 1174 2826 constricti
1197 2755 1343 2823 condole·

192 2864 291 2930 bitis!
326 2863 477 2931 Denteles
508 2886 599 2944 vero,
633 2865 689 2950 qui
714 2866 847 2950 juvenes
878 2869 988 2945 erant,
1021 2865 1058 2931 de
1087 2885 1121 2930 se
1153 2861 1346 2930 confidentes

193 2968 360 3034 consilium
382 2970 514 3035 senioris
529 2975 717 3054 spreverunt
741 2974 774 3036 et
788 2971 920 3036 insimul
936 2993 995 3059 pro
1015 2970 1136 3036 viribus
1153 2969 1346 3033 notaverunt

155 3099 180 3138 rc
194 3095 230 3140 ac
262 3074 296 3139 in
327 3075 447 3140 retibus
477 3075 662 3142 ferebantur
692 3077 855 3160 cupientes
887 3076 969 3140 retia
1001 3076 1206 3159 disrumpere.
1252 3070 1346 3136 Retia

195 3183 301 3244 autem
324 3200 357 3244 ee
380 3179 621 3246 mellificantia²
646 3183 745 3248 ictum
768 3203 878 3256 eorum
902 3181 1033 3247 minime
1056 3180 1257 3265 receperunt,
1283 3176 1346 3261 ipsi

195 3284 395 3369 postmodum
418 3286 502 3369 capti
527 3286 785 3372 complangentes
807 3286 1070 3351 lamentabantur
1093 3284 1255 3349 dicentes:
1288 3281 1346 3345 bo-

195 3411 272 3455 num
303 3393 352 3455 est
383 3389 507 3455 credere
536 3391 649 3475 majori
681 3395 713 3457 et
742 3391 938 3476 sapientiori.
993 3389 1079 3475 Ergo
1108 3386 1278 3453 consilium
1306 3383 1348 3448 do

196 3494 342 3573 cuilibet,
375 3495 458 3579 quod
491 3495 637 3560 attendat
663 3496 702 3560 ed
725 3497 905 3581 sapientum
928 3499 960 3560 et
982 3493 1144 3560 seniorum
1167 3489 1346 3568 consilium,

156 3623 182 3662 ro
196 3619 259 3662 non
289 3599 328 3662 ad
358 3600 528 3664 stultorum
557 3604 590 3665 et
607 3601 770 3684 juvenum.
825 3599 925 3665 Stulti
959 3599 1045 3664 enim
1078 3597 1177 3672 stulta
1206 3594 1347 3680 diligunt

195 3707 228 3768 et
250 3723 307 3768 sua
329 3703 462 3769 consilia
484 3703 522 3768 cd
546 3703 716 3769 stultitiam
741 3704 885 3770 trabunt.
931 3703 1068 3770 Juvenes
1085 3702 1169 3768 enim
1184 3703 1345 3765 maturum

195 3829 322 3874 sensum
355 3828 419 3872 non
453 3807 573 3874 habent
606 3813 638 3873 et
667 3808 823 3891 juvenilia
856 3807 998 3894 diligunt
1034 3810 1066 3870 et
1100 3806 1145 3871 eis
1179 3803 1345 3869 inhaerent

323 3924 327 3933 ·
591 3923 601 3936 ’
760 3912 779 3953 s

266 4000 279 4054 1
298 3997 421 4055 Frubere
438 4016 517 4070 ausg.
537 3999 613 4054 lesen
631 3997 705 4053 nach
730 3998 794 4054 dem
812 4000 883 4055 wort
901 3996 1056 4053 rediturus:
1083 3995 1137 4050 nisi
1162 3993 1212 4049 ille
1237 4007 1347 4048 revoce-

193 4090 280 4152 retur,
299 4085 346 4142 bic
363 4091 459 4144 autem
477 4088 538 4142 eret
566 4086 632 4140 date
659 4088 688 4141 et
706 4084 822 4140 dabitur
841 4084 937 4150 vobis,
962 4083 1011 4154 qui
1037 4083 1189 4138 recesserat
1207 4079 1346 4150 expulsus,

194 4175 242 4230 sed
260 4175 284 4230 si
302 4179 447 4231 servarent
464 4192 491 4228 u.
510 4190 531 4228 s.
544 4191 577 4227 w.
614 4172 724 4228 Andere
735 4171 812 4228 lesen
824 4171 897 4227 nach
906 4172 1103 4228 revocaretur:
1122 4169 1169 4224 bic
1179 4169 1347 4224 autemerat

193 4263 309 4320 dabitur
326 4263 420 4328 vobis,
446 4263 496 4334 qui
522 4262 674 4318 recesserat
700 4260 815 4331 expulso
834 4259 908 4317 socio
926 4277 975 4316 suo
993 4263 1022 4315 et
1049 4261 1163 4316 auctore
1181 4258 1255 4314 date.
1293 4255 1347 4312 Sed

193 4369 221 4406 u
239 4369 260 4406 s.
279 4369 312 4408 w.
384 4351 401 4406 2
419 4349 541 4404 bbdhem
559 4365 639 4418 ausg.
657 4348 749 4404 lesen:
768 4345 1005 4404 mellificantium.
