3172 4958
828 303 869 366 98

278 477 330 540 tur
353 475 408 559 qni
429 473 606 540 liberaliter
630 475 736 553 donat,
760 473 893 553 eunetis,
917 474 1033 557 quihus
1055 477 1179 558 potest,
1202 474 1433 552 adcommodat,

278 579 353 662 quia
375 599 439 644 non
463 583 512 644 est
534 601 740 663 personarum
763 582 909 663 aooeptor
931 579 985 644 sed
1007 579 1185 644 eommunis
1208 579 1434 646 beneficiorum

277 682 422 767 largitor.
470 683 592 762 Quibus
615 684 732 750 auditis
756 683 933 750 verecunda
954 687 1041 750 terra
1062 683 1234 750 obmutuit.

319 889 609 973 Proverbium,
632 893 742 977 quod
765 893 967 960 liberalis
989 894 1227 980 granditer
1249 895 1388 960 donat.

249 1085 262 1123 ⁶
579 1067 635 1133 De
658 1067 725 1133 die
747 1070 790 1133 et
811 1070 961 1148 noete,
985 1090 1051 1152 usp.
1077 1072 1130 1134 22.

363 1205 413 1272 Au
437 1207 514 1274 solis
543 1208 745 1293 presentiam
768 1206 853 1273 fautu
875 1207 944 1287 die,
974 1229 1046 1274 eum
1069 1231 1133 1274 nox
1153 1208 1435 1276 totaliterfnisset

276 1311 410 1389 exclusa,
431 1312 542 1378 statim
566 1311 595 1376 ei
619 1311 870 1378 lamentabiliter
892 1311 989 1378 dixit:
1019 1315 1056 1378 ut
1084 1313 1162 1396 quid
1192 1315 1317 1378 tautam
1339 1311 1434 1378 ularae

275 1416 452 1482 luciditatis
472 1417 692 1502 eopiositatem
707 1415 848 1482 effudisti
864 1421 896 1482 et
910 1439 961 1482 me
975 1417 1022 1482 sio
1038 1417 1078 1482 ab
1093 1417 1264 1484 habitabili
1279 1417 1357 1482 orbe
1371 1439 1433 1482 un·

277 1515 371 1604 dique
383 1522 599 1607 propulsastil
622 1520 739 1588 Nonne
756 1521 936 1586 sufficiebat
950 1525 983 1588 te
998 1522 1105 1588 lumen
1121 1524 1161 1589 ad
1177 1523 1308 1588 visionis
1323 1544 1433 1588 neees-

239 1645 264 1682 ro
279 1626 451 1692 situdinem
463 1626 633 1692 effudisse?
656 1625 713 1706 Cui
730 1625 785 1690 ille
796 1624 973 1708 respondit:
995 1625 1148 1692 nimirum
1163 1626 1388 1712 infrigidativa
1399 1650 1432 1693 es

279 1732 453 1816 eorporiset
468 1731 605 1815 pectoris
621 1729 835 1796 constructiva
851 1735 883 1796 et
897 1734 1028 1815 propter
1043 1730 1103 1796 hoo
1116 1730 1256 1814 loqueris
1272 1734 1310 1796 ut
1324 1754 1432 1798 avara.

278 1837 360 1914 Quid
372 1839 420 1901 est
429 1835 554 1900 virtus?
576 1833 692 1900 Nonne
700 1834 850 1900 ultimum
860 1835 928 1902 fore
934 1835 1087 1920 potentiae
1102 1834 1326 1921 aphilosophis
1343 1835 1430 1901 diffi-

277 1941 390 2005 nitur?
422 1938 515 2004 Unde
545 1940 601 2024 qui
623 1939 709 2006 iufra
739 1941 909 2024 potestatis
935 1940 1148 2006 valetudinem
1172 1941 1257 2027 agit,
1289 1943 1433 2008 nondum

276 2044 457 2109 virtualiter
472 2045 549 2130 egit.
594 2042 761 2130 sicigitur
777 2045 832 2128 qui
854 2066 928 2123 non,
947 2048 1101 2129 qnantum
1119 2045 1235 2130 potuit,
1259 2045 1431 2124 benefecit,
1561 2135 1562 2152 ,

238 2165 263 2204 1⁶
277 2171 449 2234 parumper
470 2149 621 2214 oberrans
643 2171 662 2214 a
685 2149 802 2214 virtute
826 2149 941 2217 definit.
987 2148 1033 2214 At
1065 2172 1139 2216 vero
1170 2151 1246 2235 quid
1273 2155 1321 2217 est
1344 2152 1433 2218 alind
1561 2237 1562 2244 ἶ

275 2254 450 2321 liberalitas
485 2277 579 2340 quam
603 2254 710 2320 liberas
742 2255 959 2320 beneficentiae
981 2276 1100 2340 magna
1122 2253 1295 2322 voluntas?
1324 2255 1433 2322 Homo
1561 2251 1562 2270 ³

275 2361 427 2425 nimirum
443 2359 638 2426 deficientior
654 2363 713 2437 est,
737 2360 765 2423 si
781 2361 879 2426 donat
889 2360 995 2425 minus
1012 2383 1108 2444 quam
1123 2363 1238 2446 potest,
1254 2359 1433 2428 voluntatis
1561 2353 1562 2368 ¹

276 2469 360 2532 enim
386 2466 513 2531 evidens
542 2465 669 2551 signnm
691 2468 738 2530 est
761 2464 947 2530 beneficium
970 2465 1134 2530 traditum.
1180 2463 1220 2531 ln
1243 2466 1431 2531 muneribus

273 2572 374 2658 igitur
396 2570 569 2656 largiendis
592 2592 656 2635 non
679 2569 880 2654 suscipientis
905 2569 1098 2636 attendenda
1120 2573 1169 2634 est
1190 2570 1333 2656 dignitas
1366 2572 1421 2637 sed

236 2699 262 2738 ro
276 2675 434 2752 donantis,
459 2675 611 2757 qnoniam
633 2673 666 2738 in
690 2673 851 2739 benefieiis
874 2674 974 2740 virtus
990 2673 1179 2752 attenditur,
1203 2696 1267 2739 non
1283 2696 1431 2758 persona.

276 2777 318 2842 Et
341 2781 470 2863 propter
492 2777 552 2843 hoe
576 2779 760 2864 Antigonus
783 2779 940 2843 talentum
963 2779 1086 2862 petenti
1104 2778 1211 2845 Ouueo
1227 2779 1430 2846 illiberaliter
1561 2777 1562 2780 '

277 2884 454 2969 denegavit.
509 2883 650 2947 Tandem
687 2883 855 2948 avaritiam
893 2905 983 2948 suam
1021 2883 1217 2971 indignitate
1244 2883 1431 2969 philosophi

275 2989 429 3073 pallians:
451 2988 523 3071 plus
546 2990 594 3052 est
617 3009 713 3071 quam
735 2988 796 3053 tibi
820 2988 887 3053 dari
911 2989 1095 3066 conveniat,
1126 2988 1242 3073 inquit.
1287 2987 1432 3054 atvero

276 3093 322 3158 sie
343 3091 526 3157 Alexander
538 3091 678 3171 Macedo,
702 3114 773 3158 oum
792 3095 989 3178 argueretur,
1013 3091 1098 3175 quod
1111 3092 1217 3160 ,nimis
1232 3093 1318 3158 ultra
1333 3115 1431 3176 quam

237 3219 263 3258 rs
276 3199 353 3263 satis
376 3201 467 3276 esset,
491 3198 614 3263 cuidam
639 3198 791 3275 dedisset,
823 3219 896 3263 mox
918 3196 1094 3261 liberaliter
1118 3197 1298 3282 respoudit:
1331 3199 1430 3264 nimi-

276 3325 346 3368 rum
369 3325 435 3368 non
457 3303 586 3389 adspexi
611 3302 801 3388 dignitatem
823 3323 982 3386 personae,
1014 3302 1067 3365 sed
1096 3301 1135 3367 ad
1158 3302 1275 3386 regalis
1297 3301 1429 3368 munifi-

276 3409 389 3474 centiae
417 3409 642 3493 granditatem.
690 3406 829 3472 Attende
859 3407 898 3471 ad
921 3405 1107 3492 primariam
1128 3405 1332 3473 liberalitatis
1356 3407 1431 3474 fon·

277 3519 397 3592 tanam,
420 3513 503 3578 unde
526 3513 679 3579 bonitatis
702 3513 806 3578 omnis
828 3511 968 3576 trahitur
990 3532 1079 3589 vena,
1102 3515 1259 3595 quantum
1273 3511 1433 3578 realitatis

277 3618 395 3682 mundo
411 3616 536 3696 tribuit,
549 3617 624 3699 quia
639 3616 765 3694 omnia3
783 3619 938 3700 quantum
955 3614 1202 3699 pulchritudinis
1216 3616 1431 3694 firmamento,

238 3743 264 3781 so
278 3723 353 3805 quia
376 3744 485 3786 omnes
501 3721 625 3798 stellam
648 3725 680 3787 et
703 3726 859 3806 quantum
874 3719 940 3784 veri
955 3719 1141 3804 splendoris,
1166 3721 1316 3804 quonium
1328 3724 1431 3787 totam

276 3828 388 3893 lucem.
423 3825 595 3911 Nunquam
610 3827 741 3909 reliquit
756 3824 884 3909 aliquod
899 3823 1116 3890 universitatis
1132 3825 1336 3909 principium,
1361 3831 1429 3890 tam

276 3933 412 3998 maxime
441 3933 595 3998 bonitatis
618 3954 682 3996 suae
714 3931 864 3996 beneficio
901 3952 1044 3994 vacuum.
1090 3929 1143 3994 sie
1166 3930 1273 3995 anima
1300 3931 1430 4015 quidem

276 4038 452 4103 liberaliter
485 4059 583 4122 agens
617 4036 757 4122 subjecto
791 4037 914 4120 oorpori
953 4039 1081 4100 tautum
1114 4039 1271 4119 quantum
1305 4035 1430 4119 profuit

277 4145 400 4208 tribuit.
446 4141 498 4208 Sic
520 4142 661 4207 liberalis
684 4143 873 4206 vermiculus
896 4141 1015 4205 viscera
1036 4141 1166 4224 propria
1190 4141 1225 4204 in
1241 4139 1430 4206 beneficium

239 4266 263 4303 ³⁶
279 4255 391 4313 cuneta
421 4247 515 4311 dedit.
570 4247 622 4312 sia
651 4247 832 4332 largissima
864 4245 966 4311 foenix
997 4245 1031 4311 iu
1060 4245 1265 4332 generatione
1297 4245 1428 4310 alterins

277 4357 379 4418 totam
411 4354 444 4416 in
474 4352 679 4418 seminarium
709 4353 871 4436 pulverem
901 4351 1102 4436 semetipsam
1134 4351 1279 4418 effundit.
1335 4350 1428 4416 Verae
