3172 4962
684 365 745 430 189

129 535 260 603 Placuit
281 557 384 602 sermo
407 538 492 604 inter
514 558 631 603 omnes.
679 535 721 604 Et
744 537 799 604 isti
821 539 883 605 duo
905 539 944 604 ed
967 539 1153 625 delphinum
1175 563 1282 625 perre-

130 646 267 720 xerunt,
297 641 365 706 baee
393 643 501 708 omnis
528 642 716 708 intimantes
745 666 781 710 ec
809 667 868 730 pro
890 666 981 729 posse
1003 667 1036 710 se
1059 645 1283 713 collaudantes.

133 748 257 828 Quibus
288 746 473 830 delphinus:
496 747 606 826 filioli,
630 770 792 833 nunquam
815 771 870 814 vos
892 749 968 828 vidi,
991 755 1122 836 propter
1145 752 1227 836 quod
1250 753 1285 818 in

131 853 319 920 fluminibus
350 853 508 929 latitatis,
537 873 597 939 ego
628 857 734 917 eutem
763 853 797 917 in
830 854 961 919 marinis
990 853 1139 921 fluctibus
1168 878 1285 922 versor.

100 959 227 1025 sUnde
256 962 340 1024 recte
362 956 422 1023 hoc
443 958 615 1023 terminare
637 957 767 1023 minime
796 979 942 1041 possum,
977 958 1004 1023 si
1026 959 1064 1023 de
1087 959 1175 1024 vobis
1197 961 1287 1044 prius

132 1087 200 1131 non
222 1068 428 1150 temptavero.
475 1061 517 1127 Et
540 1063 599 1128 hoc
622 1062 727 1128 dicens
749 1063 867 1128 saltum
891 1063 977 1128 dedit
999 1066 1032 1128 et
1049 1085 1101 1129 eos
1116 1063 1287 1149 deglutivit

135 1170 301 1254 inquiens:
331 1168 438 1256 nullus
468 1167 562 1233 debet
591 1190 623 1232 se
655 1167 784 1232 leudere
813 1189 907 1252 super
938 1191 1046 1234 omnes
1077 1190 1135 1235 nec
1156 1169 1286 1236 salvere.

135 1275 189 1342 sie
220 1275 367 1340 nonnulli
397 1295 430 1338 se
460 1273 545 1359 ipsos
576 1295 698 1357 semper
728 1265 861 1339 laudent
893 1277 926 1340 et
958 1294 1037 1358 opus
1074 1295 1165 1340 suum
1199 1295 1286 1340 com-

135 1382 304 1460 mendent,
329 1379 491 1465 cupientes
514 1402 546 1444 se
568 1383 699 1465 propter
726 1379 901 1444 venitatem
930 1383 963 1446 et
992 1379 1170 1464 superbiam
1193 1402 1287 1465 snper

92 1513 121 1551 ro
137 1509 246 1552 omnes
268 1485 406 1572 erigere,
437 1484 491 1548 sed
509 1485 590 1568 justi
612 1488 644 1550 et
666 1484 802 1550 humiles
825 1505 858 1549 se
882 1483 967 1569 ipsos
988 1483 1199 1570 vilipendunt.
1245 1484 1288 1550 Et

137 1594 174 1656 ut
197 1591 274 1656 dicit
287 1589 476 1676 Gregorius:
499 1593 576 1655 tuuc
598 1593 818 1674 opere'nostre
838 1611 893 1674 per
909 1587 1023 1655 merite
1038 1596 1192 1669 crescunt,
1216 1613 1288 1657 cum

137 1697 221 1781 apud
254 1698 379 1760 nosmet
405 1697 490 1779 ipsos
519 1715 577 1778 par
611 1693 826 1760 humilitatem
859 1694 1050 1761 decrescunt.
1106 1692 1197 1761 Unde
1225 1694 1288 1761 Job

137 1794 286 1867 XXXP:
310 1800 511 1866 sioeculetus
527 1821 598 1864 eum
614 1822 744 1865 menum
767 1823 868 1866 meam
891 1821 946 1866 ore
967 1822 1045 1880 meo,
1070 1821 1140 1885 ques
1162 1806 1211 1866 est
1226 1801 1289 1866 ini-

139 1906 245 1992 quitas
268 1905 414 1970 maxime.
470 1904 601 1970 Menum
632 1926 723 1996 suem
753 1903 929 1981 osculetur,
962 1904 1018 1988 qui
1047 1905 1174 1986 laudat,
1205 1906 1290 1989 quod

97 2036 125 2075 rs
141 2015 299 2097 operetur.
354 2009 489 2093 Ideoque
524 2011 640 2076 veritas
675 2032 732 2076 nos
766 2011 898 2076 instruit
932 2011 1038 2077 dicens
1070 2010 1146 2077 Luc.
1179 2011 1290 2079 XVII:

140 2139 212 2182 cum
234 2116 374 2183 feceritis
396 2117 513 2196 omnia,
538 2138 608 2203 quse
631 2120 788 2200 praecepte
800 2119 876 2181 unt
899 2117 996 2197 vobis,
1020 2116 1124 2195 dicite,
1140 2117 1223 2183 servi
1238 2119 1289 2183 in-

104 2236 109 2244 ·
142 2221 238 2288 utiles
261 2244 379 2299 sumus,
403 2223 486 2306 quod
498 2221 663 2316 debuimus
679 2222 793 2301 fecere,
817 2221 957 2288 fecimus.
1004 2203 1178 2288 Fabuletur
1193 2223 1289 2304 enim,

142 2327 225 2410 quod
247 2317 389 2392 volucres
411 2327 602 2392 invenerunt
624 2326 735 2392 nidum
753 2349 793 2392 ex
814 2326 894 2391 rosis
920 2331 953 2392 et
974 2326 1105 2391 floribus
1127 2331 1288 2406 ornatum,

142 2436 174 2494 et
205 2431 287 2496 dixit
328 2431 436 2516 equile
474 2453 530 2496 rex
567 2431 691 2510 avium,
733 2431 817 2514 quod
853 2430 947 2495 nidus
984 2429 1039 2494 ille
1076 2431 1203 2495 daretur
1240 2431 1292 2496 avi

103 2561 130 2601 ao
143 2535 359 2602 nobilissime.
404 2536 448 2601 Et
480 2535 557 2602 fecit
586 2535 690 2600 vocari
722 2535 864 2601 volucres
895 2536 966 2600 coeli
994 2537 1027 2598 et
1057 2534 1218 2619 queerebet
1236 2521 1291 2599 ‘ab

144 2642 290 2707 omnibus
329 2641 546 2718 audientibus,
594 2662 665 2723 quse
704 2644 787 2706 esset
826 2641 892 2706 evis
929 2639 1150 2725 pulcherrime.
1211 2640 1291 2705 Res·

143 2748 258 2832 pondit
287 2747 433 2813 cuculus:
464 2746 601 2831 cuculus.
655 2745 699 2810 Et
725 2745 841 2811 iterum
873 2745 1034 2829 quaerebat
1064 2744 1190 2828 aquila,
1221 2751 1291 2829 ques

143 2855 226 2917 esset
248 2853 315 2918 avis
337 2851 520 2917 fortissime.
565 2850 609 2916 ue
630 2851 793 2935 respondit
815 2851 960 2916 cuculus:
997 2871 1065 2936 ego.
1111 2848 1154 2915 Et
1184 2850 1293 2934 aquile

144 2957 312 3044 indignate
334 2957 396 3022 eit:
419 2956 527 3022 oucule
550 2956 673 3036 infelix,
697 2977 819 3040 semper
842 2959 874 3021 te
897 2955 1002 3040 ipsum
1025 2953 1135 3021 laudes
1158 2959 1190 3020 et
1207 2976 1292 3019 nun-

105 3083 131 3122 es
144 3083 237 3145 quem
261 3061 360 3127 elium
381 3063 598 3142 commendes,
630 3067 661 3128 et
693 3065 800 3127 tamen
831 3084 889 3127 nec
920 3083 952 3126 ee
979 3061 1209 3145 pulcherrimus
1236 3081 1294 3126 nec

145 3167 357 3232 velocissimus
381 3190 438 3233 nec
450 3169 653 3248 fortissimus,
677 3191 735 3234 uec
759 3167 837 3232 bene
861 3173 982 3259 centes,
1005 3166 1058 3231 sed
1071 3187 1195 3251 semper
1210 3166 1293 3231 idem

145 3271 271 3352 clamas,
295 3276 327 3337 et
349 3273 419 3338 ideo
441 3276 632 3340 sententiam
646 3273 859 3340 damnationis
882 3273 922 3338 do
944 3275 1112 3349 contraite,
1136 3271 1219 3355 quod
1236 3291 1293 3334 nec
1337 3255 1343 3268 ⁸

146 3378 242 3442 istum
266 3377 375 3443 nidum
399 3400 457 3444 nee
478 3379 578 3444 elium
601 3381 741 3465 unquam
757 3377 899 3444 habebis.
944 3374 997 3440 Sic
1011 3377 1155 3461 plerique
1170 3393 1293 3456 semper

146 3503 178 3548 se
200 3482 284 3566 ipsos
307 3482 441 3548 laudant
463 3505 648 3568 semperque
671 3505 742 3548 cum
765 3483 875 3548 cuculo
898 3485 1039 3546 cantant.

109 3714 134 3752 30
419 3657 476 3722 De
498 3680 602 3723 rana
623 3661 661 3722 et
685 3679 853 3736 cancro,
878 3657 951 3722 diel.
976 3660 1028 3721 47.

232 3793 334 3875 Rene,
359 3796 433 3862 dum
456 3797 575 3862 rideret
597 3817 745 3863 cenerum
767 3795 802 3859 in
825 3794 895 3880 ripa
917 3794 1058 3860 fluminis
1081 3795 1203 3871 natare,
1230 3792 1294 3857 eit:

147 3901 216 3985 quis
245 3904 294 3966 eet
323 3899 464 3968 biotam
495 3901 598 3987 turpis
627 3907 660 3966 et
691 3901 857 3980 deformis,
892 3901 948 3983 qui
978 3921 1072 3964 ausus
1103 3902 1152 3964 est
1180 3919 1295 3982 equem

147 4029 248 4071 meam
270 4005 455 4072 turbidare?
478 4005 525 4070 En
549 4028 612 4091 quo
634 4029 704 4071 sum
727 4005 821 4072 fortis
844 4009 876 4070 et
898 4009 1012 4090 potens
1035 4005 1068 4069 in
1093 4004 1184 4089 aquis
1207 4007 1239 4067 et
1261 4002 1296 4065 in

148 4111 251 4190 terris,
274 4112 313 4176 ad
336 4112 441 4196 ipsum
463 4112 629 4197 procedam
652 4115 684 4176 et
707 4109 863 4194 effugabo.
911 4109 953 4174 Et
975 4109 1035 4175 hoc
1050 4109 1156 4174 dicens
1178 4107 1295 4172 saltum

112 4217 234 4282 adedit
256 4221 288 4281 et
310 4239 458 4283 cenerum
483 4217 659 4304 aggressa¹
691 4225 739 4284 est
762 4215 883 4281 dicens:
912 4236 1009 4300 quere
1032 4236 1095 4280 non
1128 4211 1295 4292 erubuisti,

712 4336 730 4376 e

218 4443 232 4499 1
251 4440 374 4498 Frdhere
392 4460 470 4513 eusg.
491 4441 647 4513 unriehtig:
666 4455 807 4513 oppressa.
