3044 4956
657 355 697 416 45

89 525 120 590 id
141 545 243 611 genus
266 525 340 590 aliis
367 524 580 609 proceribus,
614 524 729 608 quibus
751 543 809 588 nos
832 523 1044 607 propinabat,
1077 548 1141 592 non
1166 525 1250 592 deri·

88 630 205 696 dendos
227 632 343 708 modo,
372 630 428 694 sed
450 633 485 694 et
507 627 711 694 exooriendos
733 630 767 692 et
789 626 1007 708 dilaniandOS,
1037 629 1153 716 quibus
1176 635 1248 697 ten·

87 759 183 820 quam
214 736 337 801 terreni
368 734 514 801 numinis
549 733 663 820 legatis
696 733 822 799 obviam
853 754 912 798 nos
944 737 1102 820 progressi
1133 757 1251 820 magna

88 841 202 906 lustitia
224 845 259 906 et
283 840 421 905 solemni
444 861 572 925 pompa,
595 839 720 902 nullum
742 858 807 901 non
823 837 954 902 honoris
969 859 1006 903 ae
1022 839 1249 904 benevolentiae

88 967 189 1031 genus
220 945 374 1011 oertatim
407 965 518 1010 omnes
552 944 820 1030 impendebamus.
868 942 973 1020 Quid,
1007 963 1048 1007 an
1078 964 1142 1008 non
1166 944 1249 1010 istud

89 1056 135 1117 εἰ
157 1053 324 1138 regnare?
370 1047 490 1114 Nullus
526 1047 588 1114 fuit
609 1069 750 1132 unquam
772 1052 952 1132 tyrannus,
988 1047 1043 1131 qni
1076 1050 1251 1132 nequitiam

88 1163 121 1223 el
141 1157 393 1242 improbitatem
415 1177 505 1220 suam
527 1155 574 1219 ita
603 1153 788 1230 omultarit,
822 1156 859 1216 ut
891 1174 955 1217 non
987 1157 1250 1237 agnosceretura

4 1249 12 1268 ⁴
89 1263 260 1348 potissima
283 1262 454 1326 hominum
475 1264 584 1344 parte,
616 1259 671 1324 sed
701 1259 762 1323 iste
791 1279 896 1323 rerum
918 1257 1064 1321 dominus
1087 1263 1249 1343 grassatur

91 1366 347 1444 immanissime,
381 1389 445 1430 non
479 1387 534 1451 per
564 1387 660 1430 unam
682 1363 824 1448 aliquam
846 1362 1073 1446 rempublicam
1097 1355 1249 1449 aut'pro·

91 1473 243 1550 unciam,
266 1471 323 1536 sed
346 1494 403 1557 per
426 1493 552 1536 omnem
575 1470 640 1536 lere
662 1468 841 1554 Europam,
877 1473 909 1533 et
939 1471 1047 1533 temen
1070 1490 1136 1533 non
1158 1469 1251 1534 modo

669 1593 687 1631 ιι

89 1683 197 1748 aaroir
220 1683 278 1747 des
303 1703 404 1760 asnos,
429 1682 482 1747 des
498 1681 613 1746 vilains
635 1684 669 1745 et
690 1680 866 1759 mesubans,
886 1677 940 1743 des
958 1699 1178 1762 maquereaux,
1199 1677 1252 1744 des

89 1787 274 1864 euisiniers,
300 1787 473 1866 muletiers,
496 1787 684 1872 bougerons,
700 1783 898 1862 bastoneam,
921 1786 954 1848 et
968 1787 1074 1848 autres
1094 1787 1251 1868 satrapes:

90 1893 246 1976 ansqnels
274 1914 339 1958 non
365 1892 540 1956 seulement
561 1889 585 1954 il
601 1913 680 1956 nous
703 1889 847 1975 exposoit
880 1911 961 1974 pour
997 1895 1079 1955 estre
1112 1912 1253 1975 moquez,

90 1999 165 2064 ains
187 2001 296 2082 quant
310 1999 343 2060 et
369 1998 470 2080 quant
491 2015 571 2078 pour
592 2000 674 2060 estre
697 1994 858 2060 eseorehez
881 1999 913 2059 et
942 1995 1099 2060 deohirea:
1129 2017 1169 2062 au
1200 1995 1253 2060 de·

94 2113 177 2170 rant
199 2101 349 2188 desquels
371 2123 451 2166 nous
471 2101 586 2166 allions
608 2123 647 2166 en
667 2101 787 2186 grande
806 2101 881 2186 joye
898 2104 932 2166 et
944 2120 1059 2185 pompe
1073 2099 1253 2179 solennelle,

92 2231 222 2276 oomme
237 2230 278 2274 au
303 2207 421 2272 derant
444 2205 498 2271 dee
526 2205 762 2272 ambassadeurs
784 2206 861 2270 d’nn
892 2205 964 2271 dieu
998 2207 1133 2270 berrien:
1172 2227 1252 2270 nous

91 2314 287 2399 employans
304 2317 324 2377 a
341 2311 457 2378 l’enuie
473 2315 492 2376 a
511 2311 579 2376 leur
593 2311 674 2376 faire
694 2311 839 2376 honneur
854 2316 887 2376 et
902 2331 1030 2376 oaresse.
1060 2308 1142 2395 Oeoy
1157 2311 1255 2375 n'est·

90 2439 130 2483 oe
165 2419 260 2503 point
295 2418 434 2502 regner?
479 2415 607 2501 anues
645 2420 739 2502 tyren
776 2437 816 2481 ne
847 2416 942 2481 saeba
977 2438 1017 2481 ou
1056 2415 1186 2501 deguisu
1218 2437 1254 2479 sa

90 2523 289 2588 mauvaistid
310 2525 344 2586 et
358 2520 586 2599 mesehancere,
610 2521 637 2585 si
659 2543 720 2604 qne
737 2521 770 2585 la
784 2520 856 2604 plus
874 2520 1007 2605 partdes
1022 2519 1094 2604 [21]
1112 2519 1254 2584 hommes

95 2628 174 2690 n'en
198 2626 247 2690 ait
268 2625 337 2689 rien
361 2647 487 2712 oognn:
516 2627 596 2692 mais
620 2647 654 2691 oe
676 2625 778 2712 grand
794 2629 826 2691 et
840 2647 986 2710 supreme
1005 2624 1168 2690 Monsieur
1190 2624 1255 2688 bri·

52 2769 59 2786 ·
90 2731 204 2816 gande
243 2730 453 2796 oruellement
496 2752 561 2795 non
601 2753 659 2816 par
697 2729 833 2816 quelque
866 2729 1065 2814 Republique
1101 2751 1142 2794 ou
1179 2750 1254 2813 pro-

93 2839 202 2914 vinae,
224 2837 298 2902 ains
321 2858 379 2920 par
400 2839 490 2902 toute
510 2835 657 2921 l'llnrope
679 2839 699 2900 a
722 2858 782 2921 peu
799 2857 886 2921 pres:
910 2841 943 2901 et
968 2835 1161 2900 nonobstent
1184 2838 1256 2900 tent

670 2956 689 2998 s

89 3045 309 3112 ostentaeion.
334 3045 416 3112 Para
440 3051 507 3112 esta
529 3068 566 3110 su
581 3045 659 3110 false
683 3045 915 3130 meroaderiay
938 3043 1253 3131 nego-[134Joiaeion

93 3173 131 3216 se
153 3151 265 3216 servia
288 3150 327 3213 de
342 3151 569 3215 instrumentos
593 3173 669 3235 muy
692 3150 832 3236 propios,
858 3149 1006 3216 hombres
1022 3151 1174 3228 indoctos,
1197 3171 1250 3214 sn-

91 3257 180 3332 zios,
206 3254 437 3339 grandissimos
469 3254 619 3332 velleoos,
651 3256 840 3340 alcaguetes,
866 3256 1034 3333 eozineros,
1065 3253 1254 3332 azemileros,

91 3357 323 3434 Sodomitioos,
338 3356 571 3444 ytrubanes,y
594 3361 681 3424 otros
705 3359 879 3424 eminentes
901 3359 1049 3425 bombres
1067 3359 1252 3444 semejantes

92 3487 114 3528 a
138 3469 247 3529 astos:
279 3485 299 3527 a
323 3463 369 3528 los
393 3463 502 3548 quales
526 3485 582 3529 nos
602 3467 776 3550 entregava
799 3487 840 3531 no
863 3466 1038 3531 solamente
1059 3485 1198 3548 peraque
1221 3485 1256 3530 se

94 3569 252 3634 burlasen
275 3567 315 3632 de
336 3575 472 3646 nostros,
508 3591 583 3654 pero
605 3591 743 3654 peraque
769 3592 827 3636 nos
853 3569 1069 3650 dessollassen‚
1097 3593 1120 3654 y
1146 3571 1254 3654 despe-

94 3673 263 3760 daqamen.
309 3675 445 3738 Aeetes
479 3674 604 3756 qnando
627 3673 760 3752 venian,
792 3696 881 3741 como
907 3697 926 3740 a
950 3675 1173 3740 embaradores
1205 3673 1256 3739 del

99 3777 169 3842 dios
191 3779 232 3843 de
255 3777 287 3842 la
310 3778 418 3856 tierra,
442 3778 490 3842 los
524 3777 671 3844 saliemus
694 3803 714 3844 e
735 3780 870 3859 reoebir,
907 3803 966 3846 oon
994 3779 1114 3864 grande
1136 3778 1257 3864 alegria

103 3905 266 3970 ypompa
288 3884 451 3948 solemne:
484 3905 570 3968 yno
591 3884 662 3950 avie
693 3907 810 3970 genero
840 3885 878 3950 de
909 3886 1029 3951 honrra
1050 3907 1071 3970 y
1100 3885 1137 3950 de
1161 3883 1256 3949 bene·

103 3987 246 4054 roleneia
268 4009 331 4072 que
354 4009 399 4052 no
429 3988 477 4052 les
505 3987 662 4055 bariamos
696 3989 829 4056 todosu
860 3991 961 4076 porfia
991 4012 1071 4055 unos
1101 3989 1138 4055 de
1159 3993 1255 4055 otros.

103 4093 216 4172 Coma,
247 4117 270 4178 y
300 4098 371 4158 esto
396 4115 439 4157 no
463 4113 495 4157 es
517 4096 655 4179 reynar?
679 4093 788 4161 lamas
815 4095 857 4161 ha
872 4096 963 4161 arido
979 4098 1094 4181 tyrano
1118 4117 1178 4179 que
1198 4117 1259 4181 aya

105 4198 215 4283 podido
237 4197 393 4264 enonbrir
420 4219 460 4261 su
474 4196 664 4283 vellequeria
686 4199 962 4287 ydesverguenqa,
990 4200 1176 4267 demanare
1198 4222 1260 4286 que

107 4325 142 4369 no
168 4327 231 4390 aye
263 4303 339 4368 sido
374 4300 527 4368 oonooids
559 4303 597 4368 de
630 4305 662 4370 la
685 4326 796 4390 mayor
829 4311 921 4391 parte
951 4305 989 4372 de
1019 4306 1066 4370 los
1099 4306 1257 4372 bombres.

106 4407 175 4478 Peru
196 4433 266 4478 eme
295 4429 386 4498 gran
410 4411 505 4473 serior
525 4411 662 4476 exercita
683 4431 721 4476 su
740 4411 866 4497 tyrania
883 4409 1195 4494 eruelissimemente,
1216 4433 1259 4480 no
