3058 4946
663 315 723 377 113

109 485 247 564 fedatis,
284 485 454 551 admodum
482 487 574 552 eritis
597 485 732 553 ridiculi.
779 486 854 553 Non
882 489 949 572 jam
972 490 1193 573 permittitur,
1228 495 1265 554 ut

106 589 270 674 jndicandi
296 595 483 676 potestatem
507 593 598 658 vobis
620 594 785 678 arrogetis,
808 617 918 658 uerum
941 597 1130 680 torquentur
1151 597 1185 660 in
1208 617 1263 660 vos

110 697 301 781 gravisima
322 697 387 762 tela
409 698 680 764 criminationum.
711 697 865 774 Quocirca
879 699 969 765 robis
989 701 1193 786 cogitandum
1215 703 1265 790 est

110 800 291 888 diligenter,
315 807 435 886 quanto
457 807 564 867 vestro
587 803 777 869 detrimento
799 807 831 868 et
854 805 1032 890 ignominia
1053 805 1197 872 futurum
1220 807 1265 870 sit

111 907 202 988 illud,
234 909 264 972 si
289 931 346 974 ros
369 909 402 972 in
425 907 554 992 publico
578 909 702 974 theatro
725 909 825 974 totius
848 910 934 974 orbis
957 909 1201 996 con[I]tingeret
1224 909 1263 974 ad

111 1032 179 1076 eum
203 1013 337 1078 modum
359 1013 503 1096 superari
526 1019 559 1078 et
582 1015 792 1080 consilescere.
838 1014 923 1080 Nam
953 1019 991 1080 nt
1021 1017 1129 1080 omnia
1159 1019 1264 1080 uestra

113 1117 289 1203 privilegia,
314 1121 348 1182 et
369 1117 519 1201 quicquid
543 1119 673 1184 omnino
695 1119 785 1183 uobis
809 1120 880 1184 usui
903 1141 970 1184 esse
993 1123 1113 1204 potest,
1140 1141 1263 1185 coacer-

114 1221 189 1286 vetis
212 1223 248 1286 in
272 1244 386 1300 unum,
410 1227 443 1286 et
465 1221 498 1285 in
515 1223 682 1288 concilium
698 1223 858 1302 adferatis,
882 1228 919 1290 ut
933 1246 1042 1289 omnes
1057 1223 1264 1307 undecunque

115 1325 276 1411 theologos
299 1331 335 1392 et
356 1327 538 1410 pontificios
564 1327 805 1410 jurisconsultos
836 1329 1055 1406 acutissimos,
1088 1331 1264 1394 vestrarum

116 1431 250 1515 mitium
275 1431 469 1511 defensores,
492 1432 655 1498 adducatis
677 1454 723 1512 eo,
746 1437 855 1498 tamen
870 1434 939 1498 fieri
955 1454 1018 1498 non
1035 1433 1163 1516 poterit,
1187 1432 1264 1516 quin

114 1539 144 1600 et
163 1541 302 1622 tempus,
329 1537 413 1621 quod
434 1537 544 1602 omnia
565 1537 694 1624 detegit,
717 1542 750 1603 et
772 1540 948 1604 communis
965 1537 1129 1603 hominnm
1146 1558 1264 1614 senam,

117 1644 147 1706 ct
176 1643 281 1727 pudor
316 1641 384 1726 ipse
411 1644 515 1708 multa
546 1643 633 1708 vobis
662 1647 893 1727 extorqueant,
928 1665 998 1728 quse
1026 1643 1154 1708 fatenda
1177 1641 1264 1706 uobis

115 1751 203 1812 munt
232 1753 267 1812 et
297 1747 516 1826 concedenda,
550 1748 651 1813 multa
680 1748 832 1832 inquam,
867 1769 937 1832 quae
970 1733 1174 1832 pertinaciter
1206 1767 1265 1830 cp·

116 1853 280 1936 pugnastis
317 1852 472 1931 antehac,
506 1856 539 1917 et
570 1857 699 1936 propter
731 1874 801 1935 quae
831 1853 985 1936 plurimos
1019 1851 1196 1936 conjecistis
1230 1851 1264 1914 in

118 1957 333 2022 acerhimimas
357 1957 554 2023 calamitates
576 1964 608 2022 et
629 1957 781 2022 miserias.
827 1955 956 2022 Publice
978 1956 1057 2021 fient
1078 1957 1148 2036 ista,
1176 1976 1264 2039 spec-

119 2063 256 2127 tantibus
280 2069 314 2127 et
337 2063 541 2128 audientibus
562 2062 708 2127 omnibus
722 2061 865 2127 omniurn
879 2061 1111 2145 provinciarum
1127 2061 1263 2144 populis.

681 2185 699 2226 a

199 2271 310 2338 Emere
342 2274 463 2359 gelerte
493 2274 557 2339 und
589 2273 783 2350 vorfechter,
816 2294 924 2336 wenns
946 2275 984 2337 zd
1007 2271 1120 2336 verhtr
1142 2271 1263 2354 kompt,

119 2375 228 2460 gehent
249 2379 319 2444 also
343 2379 474 2462 anartig
497 2379 557 2442 mit
578 2379 634 2444 dcr
655 2377 771 2444 sacheu
788 2377 874 2454 nmb,
898 2376 953 2440 das
969 2375 1049 2440 auch
1064 2376 1110 2440 ire
1126 2374 1263 2460 gesellen

119 2480 271 2548 schamat
293 2477 431 2548 dardber
454 2483 588 2561 werden,
616 2484 681 2549 und
703 2483 810 2547 finden
833 2504 932 2546 ewcre
954 2480 1183 2564 widerwertige
1205 2479 1266 2542 nuit

120 2583 192 2650 aller
212 2587 404 2672 gcgeuwchr
435 2588 614 2652 dermasscn
645 2589 809 2672 gcrttstet,
844 2585 899 2648 das
929 2587 974 2650 sie
1005 2586 1057 2649 ein
1089 2589 1266 2649 entsetzcns

120 2689 211 2755 darab
242 2691 358 2756 haben
413 2691 487 2756 Wie
518 2693 675 2758 vermeiut
706 2692 757 2756 ihr
791 2690 875 2755 daun
909 2691 977 2755 auff
1002 2691 1105 2755 ciuem
1136 2689 1264 2754 solchen

121 2813 242 2878 grcsaen
258 2795 402 2861 Concilio
425 2800 464 2862 κῆ
487 2797 660 2862 hestehen‘?
691 2796 797 2860 Wenn
821 2797 850 2859 ir
870 2795 944 2860 kein
967 2801 1092 2880 grdsser
1115 2794 1266 2860 mirackel

120 2897 205 2978 then,
226 2900 291 2964 und
313 2901 389 2964 luein
412 2902 529 2966 andere
551 2903 645 2968 redcu
668 2897 777 2968 herfdr
799 2900 935 2986 briugcn
958 2900 1098 2980 wdllent,
1126 2901 1211 2966 dann
1234 2901 1263 2964 ir

122 3004 195 3070 noch
216 3005 330 3072 bissher
353 3006 475 3092 gethon
497 3008 632 3086 hahent,
655 3007 765 3072 wirdts
788 3004 936 3071 freilich¹
961 3005 1090 3070 seltzam
1113 3005 1263 3090 adgehen.

121 3105 191 3173 Mun
212 3115 366 3194 gestattet
389 3111 469 3177 euch
485 3093 537 3176 nit
550 3113 639 3177 mehr
654 3111 785 3177 Richter
801 3115 839 3176 ad
854 3111 932 3190 sein,
956 3110 1006 3174 die
1028 3109 1090 3174 neit
1112 3109 1156 3173 ist
1179 3108 1264 3186 umb,

121 3213 228 3278 scndcr
250 3237 325 3281 man
348 3215 483 3300 heklagt
504 3216 582 3281 ench
604 3221 676 3282 uhm
707 3215 879 3293 hdchstcn,
910 3215 974 3278 und
996 3214 1078 3278 wills
1101 3213 1264 3278 bewciseu.

120 3315 243 3387 Habent
262 3321 419 3386 demnaeh
443 3325 482 3386 nh
505 3321 675 3400 orechten,
709 3322 768 3388 wie
797 3343 829 3385 es
859 3319 938 3384 ench
960 3322 998 3384 ari
1020 3317 1141 3402 ewigen
1165 3315 1266 3380 zeitcn

121 3441 245 3506 gromen
269 3425 411 3490 nachteil
434 3447 570 3509 geperen
593 3425 704 3504 wirdt,
727 3425 784 3489 inu
807 3424 930 3490 solcher
954 3425 1113 3509 gemeiner
1136 3444 1264 3508 grossen

122 3529 339 3616 vnamlung,
372 3529 524 3596 cffenlich
552 3531 604 3596 ein
627 3531 732 3596 solchc
754 3529 874 3596 schand
897 3529 1102 3613 eiuzhlegen,
1138 3525 1265 3606 ’Denn,

123 3629 160 3694 cb
183 3634 209 3697 ir
230 3635 337 3719 gleich
352 3635 415 3700 alle
432 3635 579 3718 Register
600 3643 706 3721 sampt
728 3657 831 3701 ewren
855 3634 1043 3721 privilegien
1067 3633 1166 3717 (scien
1190 3655 1265 3711 war,

124 3735 192 3800 oder
212 3759 274 3804 rou
296 3739 376 3804 euch
401 3740 486 3805 selbs
517 3741 653 3826 erdicht)
686 3740 816 3806 brieffen
848 3740 913 3804 und
946 3739 1068 3824 sigeln,
1104 3738 1184 3802 auch
1219 3739 1268 3804 dis

125 3837 195 3904 aher
216 3842 484 3928 durchsichtigste
505 3843 696 3910 Canonisten
720 3845 784 3910 und
802 3843 994 3929 Theologen,
1018 3845 1068 3908 die
1091 3841 1174 3908 noch
1198 3864 1266 3906 ver-

127 3941 234 4030 borgen
257 3947 406 4025 stechen,
439 3948 500 4011 mit
520 3949 597 4014 euch
621 3949 750 4034 bringt,
780 3971 814 4016 so
836 3948 946 4013 wirdts
969 3949 1048 4014 doch
1071 3971 1105 4013 so
1127 3949 1269 4014 schlecht

127 4049 172 4113 nit
190 4052 338 4137 engeten,
361 4053 393 4118 ir
416 4053 516 4118 werdt
537 4053 651 4118 etliche
673 4054 751 4139 ding
774 4055 838 4119 und
861 4053 1015 4131 Artickel,
1039 4054 1089 4119 die
1112 4077 1178 4120 nun
1200 4055 1266 4118 clar

127 4175 172 4218 am
201 4159 274 4242 lag,
308 4159 376 4224 und
411 4155 801 4241 onwider[73]sprttchlich
831 4157 924 4236 sind,
959 4157 1117 4222 schenden
1151 4158 1268 4222 halben

192 4382 205 4434 1
223 4382 345 4438 varlieh.
421 4384 438 4436 2
457 4381 563 4437 fchlt2
583 4382 625 4438 bis
643 4388 668 4453 γ.

172 4481 290 4528 umus.
1043 4470 1059 4524 8
