<?xml version="1.0" encoding="UTF-8"?>
<!DOCTYPE html PUBLIC "-//W3C//DTD XHTML 1.0 Transitional//EN"
    "http://www.w3.org/TR/xhtml1/DTD/xhtml1-transitional.dtd">
<html xmlns="http://www.w3.org/1999/xhtml" xml:lang="en" lang="en">
 <head>
  <title>
</title>
<meta http-equiv="Content-Type" content="text/html;charset=utf-8" />
  <meta name='ocr-system' content='tesseract 3.04.00' />
  <meta name='ocr-capabilities' content='ocr_page ocr_carea ocr_par ocr_line ocrx_word'/>
</head>
<body>
  <div class='ocr_page' id='page_1' title='image "./zweiredenankais02sleigoog/zweiredenankais02sleigoog_0835.png"; bbox 0 0 3146 4962; ppageno 0'>
   <div class='ocr_carea' id='block_1_1' title="bbox 804 301 868 366">
    <p class='ocr_par' dir='ltr' id='par_1_1' title="bbox 804 301 868 366">
     <span class='ocr_line' id='line_1_1' title="bbox 804 301 868 366; baseline 0 -1"><span class='ocrx_word' id='word_1_1' title='bbox 804 301 868 366; x_wconf 82' lang='lat'>234</span> 
     </span>
    </p>
   </div>
   <div class='ocr_carea' id='block_1_2' title="bbox 260 474 1415 668">
    <p class='ocr_par' dir='ltr' id='par_1_2' title="bbox 260 474 1415 668">
     <span class='ocr_line' id='line_1_2' title="bbox 261 474 1415 562; baseline 0.002 -23"><span class='ocrx_word' id='word_1_2' title='bbox 261 474 446 540; x_wconf 87' lang='lat' dir='ltr'>entantibua</span> <span class='ocrx_word' id='word_1_3' title='bbox 478 475 609 561; x_wconf 88' lang='lat' dir='ltr'>pedibus</span> <span class='ocrx_word' id='word_1_4' title='bbox 642 497 712 542; x_wconf 86' lang='lat' dir='ltr'>eum</span> <span class='ocrx_word' id='word_1_5' title='bbox 743 475 927 542; x_wconf 79' lang='lat' dir='ltr'>eonlusione</span> <span class='ocrx_word' id='word_1_6' title='bbox 958 497 1102 541; x_wconf 87' lang='lat' dir='ltr'>reversus</span> <span class='ocrx_word' id='word_1_7' title='bbox 1131 479 1180 542; x_wconf 87' lang='lat' dir='ltr'>est</span> <span class='ocrx_word' id='word_1_8' title='bbox 1210 475 1251 541; x_wconf 88' lang='lat' dir='ltr'>ad</span> <span class='ocrx_word' id='word_1_9' title='bbox 1273 481 1415 562; x_wconf 87' lang='lat' dir='ltr'>petrem,</span> 
     </span>
     <span class='ocr_line' id='line_1_3' title="bbox 260 581 1073 668; baseline 0 -22"><span class='ocrx_word' id='word_1_10' title='bbox 260 581 451 646; x_wconf 82' lang='lat' dir='ltr'>confirmans</span> <span class='ocrx_word' id='word_1_11' title='bbox 474 583 542 668; x_wconf 86' lang='lat' dir='ltr'>ejus</span> <span class='ocrx_word' id='word_1_12' title='bbox 564 582 731 647; x_wconf 85' lang='lat' dir='ltr'>eonsilium</span> <span class='ocrx_word' id='word_1_13' title='bbox 756 605 812 666; x_wconf 89' lang='lat' dir='ltr'>per</span> <span class='ocrx_word' id='word_1_14' title='bbox 834 582 1073 666; x_wconf 87' lang='lat' dir='ltr'>experientiam.</span> 
     </span>
    </p>
   </div>
   <div class='ocr_carea' id='block_1_3' title="bbox 539 756 1135 844">
    <p class='ocr_par' dir='ltr' id='par_1_3' title="bbox 539 756 1135 844">
     <span class='ocr_line' id='line_1_4' title="bbox 539 756 1135 844; baseline 0.002 -23"><span class='ocrx_word' id='word_1_15' title='bbox 539 756 595 822; x_wconf 90' lang='lat' dir='ltr'>De</span> <span class='ocrx_word' id='word_1_16' title='bbox 616 756 732 844; x_wconf 81' lang='lat' dir='ltr'>grife</span> <span class='ocrx_word' id='word_1_17' title='bbox 755 762 961 843; x_wconf 80' lang='lat' dir='ltr'><strong>tyranno,</strong></span> <span class='ocrx_word' id='word_1_18' title='bbox 986 757 1059 822; x_wconf 89' lang='lat' dir='ltr'>dial.</span> <span class='ocrx_word' id='word_1_19' title='bbox 1084 760 1135 822; x_wconf 85' lang='grc'>87.</span> 
     </span>
    </p>
   </div>
   <div class='ocr_carea' id='block_1_4' title="bbox 223 895 1415 2244">
    <p class='ocr_par' dir='ltr' id='par_1_4' title="bbox 348 895 1413 980">
     <span class='ocr_line' id='line_1_5' title="bbox 348 895 1413 980; baseline 0 -18"><span class='ocrx_word' id='word_1_20' title='bbox 348 895 470 975; x_wconf 79' lang='lat' dir='ltr'>Grifes,</span> <span class='ocrx_word' id='word_1_21' title='bbox 503 903 539 963; x_wconf 89' lang='lat' dir='ltr'>nt</span> <span class='ocrx_word' id='word_1_22' title='bbox 571 898 648 963; x_wconf 83' lang='lat' dir='ltr'>dicit</span> <span class='ocrx_word' id='word_1_23' title='bbox 671 897 783 963; x_wconf 89' lang='lat' dir='ltr'>Isidor.</span> <span class='ocrx_word' id='word_1_24' title='bbox 807 897 926 964; x_wconf 85' lang='lat' dir='ltr'>Ethim.</span> <span class='ocrx_word' id='word_1_25' title='bbox 951 895 1051 975; x_wconf 86' lang='lat' dir='ltr'>XII⁰,</span> <span class='ocrx_word' id='word_1_26' title='bbox 1083 901 1132 962; x_wconf 88' lang='lat' dir='ltr'>est</span> <span class='ocrx_word' id='word_1_27' title='bbox 1165 896 1230 962; x_wconf 89' lang='lat' dir='ltr'>ales</span> <span class='ocrx_word' id='word_1_28' title='bbox 1252 901 1413 980; x_wconf 86' lang='lat' dir='ltr'>pennatus</span> 
     </span>
    </p>

    <p class='ocr_par' dir='ltr' id='par_1_5' title="bbox 223 1002 1415 2244">
     <span class='ocr_line' id='line_1_6' title="bbox 236 1002 1413 1090; baseline -0.001 -22"><span class='ocrx_word' id='word_1_29' title='bbox 236 1007 295 1068; x_wconf 68' lang='lat' dir='ltr'>vet</span> <span class='ocrx_word' id='word_1_30' title='bbox 317 1003 504 1087; x_wconf 74' lang='lat' dir='ltr'><strong>quadrupes.</strong></span> <span class='ocrx_word' id='word_1_31' title='bbox 551 1003 620 1068; x_wconf 90' lang='lat' dir='ltr'>Hoe</span> <span class='ocrx_word' id='word_1_32' title='bbox 643 1023 743 1090; x_wconf 82' lang='lat' dir='ltr'>genus</span> <span class='ocrx_word' id='word_1_33' title='bbox 766 1004 906 1069; x_wconf 88' lang='lat' dir='ltr'>ferarum</span> <span class='ocrx_word' id='word_1_34' title='bbox 929 1007 1035 1068; x_wconf 91' lang='lat' dir='ltr'>ortum</span> <span class='ocrx_word' id='word_1_35' title='bbox 1057 1003 1171 1068; x_wconf 92' lang='lat' dir='ltr'>habuit</span> <span class='ocrx_word' id='word_1_36' title='bbox 1194 1003 1228 1066; x_wconf 90' lang='lat' dir='ltr'>in</span> <span class='ocrx_word' id='word_1_37' title='bbox 1252 1002 1413 1087; x_wconf 85' lang='lat' dir='ltr'>hyperbo-</span> 
     </span>
     <span class='ocr_line' id='line_1_7' title="bbox 262 1108 1415 1193; baseline 0 -20"><span class='ocrx_word' id='word_1_38' title='bbox 262 1108 324 1173; x_wconf 88' lang='lat' dir='ltr'>reis</span> <span class='ocrx_word' id='word_1_39' title='bbox 345 1109 508 1174; x_wconf 88' lang='lat' dir='ltr'>montibus</span> <span class='ocrx_word' id='word_1_40' title='bbox 530 1110 563 1173; x_wconf 94' lang='lat' dir='ltr'>id</span> <span class='ocrx_word' id='word_1_41' title='bbox 585 1114 632 1174; x_wconf 87' lang='lat' dir='ltr'>est</span> <span class='ocrx_word' id='word_1_42' title='bbox 655 1111 688 1174; x_wconf 94' lang='lat' dir='ltr'>in</span> <span class='ocrx_word' id='word_1_43' title='bbox 713 1109 819 1174; x_wconf 86' lang='lat' dir='ltr'>Sichia</span> <span class='ocrx_word' id='word_1_44' title='bbox 841 1109 1004 1188; x_wconf 85' lang='lat' dir='ltr'>asiathiea,</span> <span class='ocrx_word' id='word_1_45' title='bbox 1027 1109 1130 1192; x_wconf 83' lang='lat' dir='ltr'>eapite</span> <span class='ocrx_word' id='word_1_46' title='bbox 1162 1113 1193 1173; x_wconf 88' lang='lat' dir='ltr'>et</span> <span class='ocrx_word' id='word_1_47' title='bbox 1216 1109 1275 1173; x_wconf 87' lang='lat' dir='ltr'>alis</span> <span class='ocrx_word' id='word_1_48' title='bbox 1297 1108 1415 1193; x_wconf 71' lang='lat' dir='ltr'>aquilea</span> 
     </span>
     <span class='ocr_line' id='line_1_8' title="bbox 262 1212 1413 1299; baseline 0 -23"><span class='ocrx_word' id='word_1_49' title='bbox 262 1212 376 1277; x_wconf 89' lang='lat' dir='ltr'>similis</span> <span class='ocrx_word' id='word_1_50' title='bbox 403 1218 435 1278; x_wconf 89' lang='lat' dir='ltr'>et</span> <span class='ocrx_word' id='word_1_51' title='bbox 457 1215 580 1298; x_wconf 90' lang='lat' dir='ltr'>reliquo</span> <span class='ocrx_word' id='word_1_52' title='bbox 601 1236 730 1299; x_wconf 88' lang='lat' dir='ltr'>eorpore</span> <span class='ocrx_word' id='word_1_53' title='bbox 762 1216 875 1280; x_wconf 89' lang='lat' dir='ltr'>similis</span> <span class='ocrx_word' id='word_1_54' title='bbox 898 1215 995 1280; x_wconf 90' lang='lat' dir='ltr'>leoni.</span> <span class='ocrx_word' id='word_1_55' title='bbox 1040 1213 1140 1297; x_wconf 84' lang='lat' dir='ltr'><strong>Equis</strong></span> <span class='ocrx_word' id='word_1_56' title='bbox 1170 1218 1202 1279; x_wconf 87' lang='lat' dir='ltr'>et</span> <span class='ocrx_word' id='word_1_57' title='bbox 1229 1213 1413 1278; x_wconf 87' lang='lat' dir='ltr'>hominibus</span> 
     </span>
     <span class='ocr_line' id='line_1_9' title="bbox 261 1317 1412 1404; baseline 0.001 -23"><span class='ocrx_word' id='word_1_58' title='bbox 261 1318 399 1382; x_wconf 85' lang='lat' dir='ltr'>maxime</span> <span class='ocrx_word' id='word_1_59' title='bbox 420 1323 470 1383; x_wconf 86' lang='lat' dir='ltr'>est</span> <span class='ocrx_word' id='word_1_60' title='bbox 492 1318 645 1398; x_wconf 80' lang='lat' dir='ltr'>infestus,</span> <span class='ocrx_word' id='word_1_61' title='bbox 676 1321 710 1384; x_wconf 91' lang='lat' dir='ltr'>in</span> <span class='ocrx_word' id='word_1_62' title='bbox 741 1320 816 1385; x_wconf 90' lang='lat' dir='ltr'>nido</span> <span class='ocrx_word' id='word_1_63' title='bbox 847 1341 903 1385; x_wconf 79' lang='lat' dir='ltr'>ruo</span> <span class='ocrx_word' id='word_1_64' title='bbox 931 1320 1024 1404; x_wconf 92' lang='lat' dir='ltr'>ponit</span> <span class='ocrx_word' id='word_1_65' title='bbox 1046 1318 1184 1403; x_wconf 80' lang='lat' dir='ltr'><strong>lapidem</strong></span> <span class='ocrx_word' id='word_1_66' title='bbox 1207 1317 1412 1401; x_wconf 81' lang='lat' dir='ltr'>smaragdum</span> 
     </span>
     <span class='ocr_line' id='line_1_10' title="bbox 262 1423 1412 1490; baseline 0 -2"><span class='ocrx_word' id='word_1_67' title='bbox 262 1425 373 1488; x_wconf 86' lang='lat' dir='ltr'>eontra</span> <span class='ocrx_word' id='word_1_68' title='bbox 404 1445 560 1488; x_wconf 87' lang='lat' dir='ltr'>venenosa</span> <span class='ocrx_word' id='word_1_69' title='bbox 587 1425 738 1490; x_wconf 87' lang='lat' dir='ltr'>animalia</span> <span class='ocrx_word' id='word_1_70' title='bbox 772 1425 901 1490; x_wconf 89' lang='lat' dir='ltr'>montis.</span> <span class='ocrx_word' id='word_1_71' title='bbox 947 1425 1029 1490; x_wconf 90' lang='lat' dir='ltr'>Item</span> <span class='ocrx_word' id='word_1_72' title='bbox 1060 1425 1148 1490; x_wconf 86' lang='lat' dir='ltr'>vivos</span> <span class='ocrx_word' id='word_1_73' title='bbox 1179 1424 1324 1490; x_wconf 90' lang='lat' dir='ltr'>homines</span> <span class='ocrx_word' id='word_1_74' title='bbox 1345 1423 1412 1488; x_wconf 92' lang='lat' dir='ltr'>dis-</span> 
     </span>
     <span class='ocr_line' id='line_1_11' title="bbox 223 1527 1412 1616; baseline 0.004 -28"><span class='ocrx_word' id='word_1_75' title='bbox 223 1549 249 1616; x_wconf 90' lang='lat'>¹.⁰</span> <span class='ocrx_word' id='word_1_76' title='bbox 263 1527 373 1611; x_wconf 87' lang='lat' dir='ltr'>eerpit.</span> <span class='ocrx_word' id='word_1_77' title='bbox 418 1527 480 1594; x_wconf 85' lang='lat' dir='ltr'>Hie</span> <span class='ocrx_word' id='word_1_78' title='bbox 502 1529 623 1614; x_wconf 84' lang='lat' dir='ltr'>aceepit</span> <span class='ocrx_word' id='word_1_79' title='bbox 646 1531 804 1614; x_wconf 86' lang='lat' dir='ltr'>quandam</span> <span class='ocrx_word' id='word_1_80' title='bbox 835 1530 1031 1615; x_wconf 84' lang='lat' dir='ltr'>provinciam</span> <span class='ocrx_word' id='word_1_81' title='bbox 1067 1530 1106 1594; x_wconf 86' lang='lat' dir='ltr'>ad</span> <span class='ocrx_word' id='word_1_82' title='bbox 1137 1530 1327 1614; x_wconf 83' lang='lat' dir='ltr'>regendum,</span> <span class='ocrx_word' id='word_1_83' title='bbox 1358 1529 1412 1593; x_wconf 89' lang='lat' dir='ltr'>sed</span> 
     </span>
     <span class='ocr_line' id='line_1_12' title="bbox 263 1634 1414 1720; baseline 0.001 -23"><span class='ocrx_word' id='word_1_84' title='bbox 263 1637 393 1716; x_wconf 88' lang='lat' dir='ltr'>propter</span> <span class='ocrx_word' id='word_1_85' title='bbox 416 1635 617 1718; x_wconf 73' lang='lat' dir='ltr'><strong>tyrannidem</strong></span> <span class='ocrx_word' id='word_1_86' title='bbox 641 1639 673 1700; x_wconf 89' lang='lat' dir='ltr'>et</span> <span class='ocrx_word' id='word_1_87' title='bbox 696 1636 862 1700; x_wconf 88' lang='lat' dir='ltr'>avaritiam</span> <span class='ocrx_word' id='word_1_88' title='bbox 884 1635 947 1699; x_wconf 88' lang='lat' dir='ltr'>tria</span> <span class='ocrx_word' id='word_1_89' title='bbox 970 1635 1135 1720; x_wconf 74' lang='lat' dir='ltr'>praecepit,</span> <span class='ocrx_word' id='word_1_90' title='bbox 1166 1635 1305 1718; x_wconf 84' lang='lat' dir='ltr'>primunr</span> <span class='ocrx_word' id='word_1_91' title='bbox 1328 1634 1414 1718; x_wconf 89' lang='lat' dir='ltr'>quod</span> 
     </span>
     <span class='ocr_line' id='line_1_13' title="bbox 263 1737 1412 1825; baseline 0.003 -25"><span class='ocrx_word' id='word_1_92' title='bbox 263 1737 372 1802; x_wconf 90' lang='lat' dir='ltr'>nullus</span> <span class='ocrx_word' id='word_1_93' title='bbox 395 1738 435 1802; x_wconf 87' lang='lat' dir='ltr'>ad</span> <span class='ocrx_word' id='word_1_94' title='bbox 458 1740 655 1804; x_wconf 88' lang='lat' dir='ltr'>vendendum</span> <span class='ocrx_word' id='word_1_95' title='bbox 685 1740 734 1804; x_wconf 90' lang='lat' dir='ltr'>vel</span> <span class='ocrx_word' id='word_1_96' title='bbox 756 1740 1004 1825; x_wconf 80' lang='lat' dir='ltr'>comparandum</span> <span class='ocrx_word' id='word_1_97' title='bbox 1036 1741 1246 1823; x_wconf 76' lang='lat' dir='ltr'>reciperetur,</span> <span class='ocrx_word' id='word_1_98' title='bbox 1275 1738 1412 1804; x_wconf 89' lang='lat' dir='ltr'>seeundo</span> 
     </span>
     <span class='ocr_line' id='line_1_14' title="bbox 263 1842 1413 1928; baseline 0.002 -22"><span class='ocrx_word' id='word_1_99' title='bbox 263 1842 346 1925; x_wconf 89' lang='lat' dir='ltr'>quod</span> <span class='ocrx_word' id='word_1_100' title='bbox 369 1843 476 1907; x_wconf 86' lang='lat' dir='ltr'>nullus</span> <span class='ocrx_word' id='word_1_101' title='bbox 499 1845 539 1909; x_wconf 90' lang='lat' dir='ltr'>ab</span> <span class='ocrx_word' id='word_1_102' title='bbox 562 1845 634 1909; x_wconf 87' lang='lat' dir='ltr'>aliis</span> <span class='ocrx_word' id='word_1_103' title='bbox 656 1845 801 1928; x_wconf 84' lang='lat' dir='ltr'>partibus</span> <span class='ocrx_word' id='word_1_104' title='bbox 824 1846 863 1910; x_wconf 92' lang='lat' dir='ltr'>ad</span> <span class='ocrx_word' id='word_1_105' title='bbox 886 1867 958 1910; x_wconf 89' lang='lat' dir='ltr'>suas</span> <span class='ocrx_word' id='word_1_106' title='bbox 975 1845 1107 1923; x_wconf 88' lang='lat' dir='ltr'>veniret,</span> <span class='ocrx_word' id='word_1_107' title='bbox 1130 1844 1227 1910; x_wconf 87' lang='lat' dir='ltr'>tertio</span> <span class='ocrx_word' id='word_1_108' title='bbox 1241 1843 1413 1927; x_wconf 88' lang='lat' dir='ltr'>quodnul·</span> 
     </span>
     <span class='ocr_line' id='line_1_15' title="bbox 263 1946 1412 2015; baseline 0.003 -6"><span class='ocrx_word' id='word_1_109' title='bbox 263 1946 313 2010; x_wconf 92' lang='lat' dir='ltr'>lus</span> <span class='ocrx_word' id='word_1_110' title='bbox 335 1947 373 2011; x_wconf 91' lang='lat' dir='ltr'>de</span> <span class='ocrx_word' id='word_1_111' title='bbox 395 1948 460 2012; x_wconf 91' lang='lat' dir='ltr'>suis</span> <span class='ocrx_word' id='word_1_112' title='bbox 483 1949 523 2014; x_wconf 89' lang='lat' dir='ltr'>ad</span> <span class='ocrx_word' id='word_1_113' title='bbox 545 1949 625 2014; x_wconf 89' lang='lat' dir='ltr'>alios</span> <span class='ocrx_word' id='word_1_114' title='bbox 647 1950 807 2015; x_wconf 84' lang='lat' dir='ltr'>transiret.</span> <span class='ocrx_word' id='word_1_115' title='bbox 854 1949 931 2015; x_wconf 82' lang='lat' dir='ltr'>Haee</span> <span class='ocrx_word' id='word_1_116' title='bbox 953 1949 1017 2014; x_wconf 85' lang='lat' dir='ltr'>tria</span> <span class='ocrx_word' id='word_1_117' title='bbox 1040 1949 1218 2014; x_wconf 84' lang='lat' dir='ltr'>custodiens</span> <span class='ocrx_word' id='word_1_118' title='bbox 1240 1949 1275 2013; x_wconf 94' lang='lat' dir='ltr'>in</span> <span class='ocrx_word' id='word_1_119' title='bbox 1291 1947 1412 2013; x_wconf 84' lang='lat' dir='ltr'>deliciis</span> 
     </span>
     <span class='ocr_line' id='line_1_16' title="bbox 225 2052 1414 2140; baseline 0.003 -28"><span class='ocrx_word' id='word_1_120' title='bbox 225 2072 250 2111; x_wconf 79' lang='grc' dir='ltr'>ιι</span> <span class='ocrx_word' id='word_1_121' title='bbox 265 2052 400 2132; x_wconf 78' lang='lat' dir='ltr'>vivebat,</span> <span class='ocrx_word' id='word_1_122' title='bbox 424 2059 553 2137; x_wconf 89' lang='lat' dir='ltr'>propter</span> <span class='ocrx_word' id='word_1_123' title='bbox 577 2054 660 2139; x_wconf 91' lang='lat' dir='ltr'>quod</span> <span class='ocrx_word' id='word_1_124' title='bbox 682 2056 785 2121; x_wconf 90' lang='lat' dir='ltr'>multa</span> <span class='ocrx_word' id='word_1_125' title='bbox 808 2055 978 2140; x_wconf 81' lang='lat' dir='ltr'>eolligebat</span> <span class='ocrx_word' id='word_1_126' title='bbox 1001 2058 1093 2120; x_wconf 84' lang='lat' dir='ltr'>etex</span> <span class='ocrx_word' id='word_1_127' title='bbox 1115 2054 1166 2119; x_wconf 92' lang='lat' dir='ltr'>his</span> <span class='ocrx_word' id='word_1_128' title='bbox 1187 2053 1270 2118; x_wconf 88' lang='lat' dir='ltr'>nulli</span> <span class='ocrx_word' id='word_1_129' title='bbox 1291 2053 1414 2137; x_wconf 84' lang='lat' dir='ltr'>aliquid</span> 
     </span>
     <span class='ocr_line' id='line_1_17' title="bbox 264 2157 1414 2244; baseline 0 -21"><span class='ocrx_word' id='word_1_130' title='bbox 264 2158 421 2224; x_wconf 86' lang='lat' dir='ltr'>mittebat</span> <span class='ocrx_word' id='word_1_131' title='bbox 467 2157 526 2224; x_wconf 84' lang='lat' dir='ltr'>Sed</span> <span class='ocrx_word' id='word_1_132' title='bbox 545 2159 664 2243; x_wconf 82' lang='lat' dir='ltr'>judicio</span> <span class='ocrx_word' id='word_1_133' title='bbox 686 2158 746 2224; x_wconf 91' lang='lat' dir='ltr'>Dei</span> <span class='ocrx_word' id='word_1_134' title='bbox 778 2161 915 2244; x_wconf 91' lang='lat' dir='ltr'>quodam</span> <span class='ocrx_word' id='word_1_135' title='bbox 946 2163 1087 2242; x_wconf 87' lang='lat' dir='ltr'>tempore</span> <span class='ocrx_word' id='word_1_136' title='bbox 1109 2159 1239 2243; x_wconf 80' lang='lat' dir='ltr'>fulgura</span> <span class='ocrx_word' id='word_1_137' title='bbox 1264 2162 1300 2223; x_wconf 86' lang='lat' dir='ltr'>et</span> <span class='ocrx_word' id='word_1_138' title='bbox 1331 2162 1414 2223; x_wconf 87' lang='lat' dir='ltr'>tem·</span> 
     </span>
    </p>
   </div>
   <div class='ocr_carea' id='block_1_5' title="bbox 264 2261 1562 2354">
    <p class='ocr_par' dir='ltr' id='par_1_6' title="bbox 264 2261 1562 2354">
     <span class='ocr_line' id='line_1_18' title="bbox 264 2261 1562 2354; baseline 0.002 -27"><span class='ocrx_word' id='word_1_139' title='bbox 264 2267 401 2346; x_wconf 87' lang='lat' dir='ltr'>pestutes</span> <span class='ocrx_word' id='word_1_140' title='bbox 440 2266 541 2328; x_wconf 89' lang='lat' dir='ltr'>totam</span> <span class='ocrx_word' id='word_1_141' title='bbox 573 2265 769 2349; x_wconf 82' lang='lat' dir='ltr'>provinciam</span> <span class='ocrx_word' id='word_1_142' title='bbox 801 2264 891 2330; x_wconf 88' lang='lat' dir='ltr'>illam</span> <span class='ocrx_word' id='word_1_143' title='bbox 921 2265 1173 2330; x_wconf 85' lang='lat' dir='ltr'>devastaverunt.</span> <span class='ocrx_word' id='word_1_144' title='bbox 1231 2261 1321 2328; x_wconf 76' lang='lat' dir='ltr'>(lives</span> <span class='ocrx_word' id='word_1_145' title='bbox 1354 2285 1412 2328; x_wconf 89' lang='lat' dir='ltr'>au·</span> <span class='ocrx_word' id='word_1_146' title='bbox 1488 2337 1491 2342; x_wconf 53' lang='grc'>,</span> <span class='ocrx_word' id='word_1_147' title='bbox 1560 2343 1562 2354; x_wconf 35' lang='grc' dir='ltr'>Ι</span> 
     </span>
    </p>
   </div>
   <div class='ocr_carea' id='block_1_6' title="bbox 227 2367 1416 2666">
    <p class='ocr_par' dir='ltr' id='par_1_7' title="bbox 227 2367 1416 2666">
     <span class='ocr_line' id='line_1_19' title="bbox 266 2367 1413 2454; baseline -0.002 -20"><span class='ocrx_word' id='word_1_148' title='bbox 266 2372 331 2434; x_wconf 91' lang='lat' dir='ltr'>tem</span> <span class='ocrx_word' id='word_1_149' title='bbox 353 2369 392 2434; x_wconf 90' lang='lat' dir='ltr'>ad</span> <span class='ocrx_word' id='word_1_150' title='bbox 415 2369 531 2454; x_wconf 83' lang='lat' dir='ltr'>grifem</span> <span class='ocrx_word' id='word_1_151' title='bbox 554 2375 759 2436; x_wconf 87' lang='lat' dir='ltr'>eueurrerunt</span> <span class='ocrx_word' id='word_1_152' title='bbox 775 2370 1001 2436; x_wconf 81' lang='lat' dir='ltr'>vociferantes:</span> <span class='ocrx_word' id='word_1_153' title='bbox 1025 2391 1180 2446; x_wconf 82' lang='lat' dir='ltr'>exeamus,</span> <span class='ocrx_word' id='word_1_154' title='bbox 1204 2389 1243 2431; x_wconf 91' lang='lat' dir='ltr'>ne</span> <span class='ocrx_word' id='word_1_155' title='bbox 1257 2367 1342 2434; x_wconf 83' lang='lat' dir='ltr'>fame</span> <span class='ocrx_word' id='word_1_156' title='bbox 1359 2390 1413 2452; x_wconf 91' lang='lat' dir='ltr'>pe·</span> 
     </span>
     <span class='ocr_line' id='line_1_20' title="bbox 266 2472 1415 2559; baseline -0.002 -21"><span class='ocrx_word' id='word_1_157' title='bbox 266 2496 397 2540; x_wconf 86' lang='lat' dir='ltr'>reamus.</span> <span class='ocrx_word' id='word_1_158' title='bbox 444 2474 516 2559; x_wconf 87' lang='lat' dir='ltr'>Ipse</span> <span class='ocrx_word' id='word_1_159' title='bbox 542 2497 615 2540; x_wconf 90' lang='lat' dir='ltr'>vero</span> <span class='ocrx_word' id='word_1_160' title='bbox 639 2477 760 2558; x_wconf 70' lang='lat' dir='ltr'>legatus</span> <span class='ocrx_word' id='word_1_161' title='bbox 782 2475 961 2541; x_wconf 76' lang='lat' dir='ltr'>transmisit</span> <span class='ocrx_word' id='word_1_162' title='bbox 983 2475 1022 2539; x_wconf 91' lang='lat' dir='ltr'>ad</span> <span class='ocrx_word' id='word_1_163' title='bbox 1046 2474 1165 2538; x_wconf 89' lang='lat' dir='ltr'>vieinas</span> <span class='ocrx_word' id='word_1_164' title='bbox 1188 2472 1353 2550; x_wconf 86' lang='lat' dir='ltr'>nationes,</span> <span class='ocrx_word' id='word_1_165' title='bbox 1381 2477 1415 2537; x_wconf 90' lang='lat' dir='ltr'>ut</span> 
     </span>
     <span class='ocr_line' id='line_1_21' title="bbox 227 2578 1416 2666; baseline -0.003 -21"><span class='ocrx_word' id='word_1_166' title='bbox 227 2599 252 2637; x_wconf 70' lang='grc' dir='ltr'>ιο</span> <span class='ocrx_word' id='word_1_167' title='bbox 267 2580 304 2645; x_wconf 91' lang='lat' dir='ltr'>de</span> <span class='ocrx_word' id='word_1_168' title='bbox 326 2580 418 2645; x_wconf 90' lang='lat' dir='ltr'>bonis</span> <span class='ocrx_word' id='word_1_169' title='bbox 440 2581 506 2645; x_wconf 89' lang='lat' dir='ltr'>suis</span> <span class='ocrx_word' id='word_1_170' title='bbox 529 2581 668 2647; x_wconf 90' lang='lat' dir='ltr'>vendant</span> <span class='ocrx_word' id='word_1_171' title='bbox 691 2586 723 2646; x_wconf 87' lang='lat' dir='ltr'>et</span> <span class='ocrx_word' id='word_1_172' title='bbox 746 2584 883 2666; x_wconf 88' lang='lat' dir='ltr'>pretium</span> <span class='ocrx_word' id='word_1_173' title='bbox 906 2580 945 2644; x_wconf 90' lang='lat' dir='ltr'>ad</span> <span class='ocrx_word' id='word_1_174' title='bbox 968 2580 1098 2644; x_wconf 91' lang='lat' dir='ltr'>libitum</span> <span class='ocrx_word' id='word_1_175' title='bbox 1120 2579 1287 2662; x_wconf 80' lang='lat' dir='ltr'>aecipiant.</span> <span class='ocrx_word' id='word_1_176' title='bbox 1336 2578 1416 2656; x_wconf 80' lang='lat' dir='ltr'>Qui-</span> 
     </span>
    </p>
   </div>
   <div class='ocr_carea' id='block_1_7' title="bbox 265 2683 1539 2769">
    <p class='ocr_par' dir='ltr' id='par_1_8' title="bbox 265 2683 1539 2769">
     <span class='ocr_line' id='line_1_22' title="bbox 265 2683 1539 2769; baseline -0.004 -19"><span class='ocrx_word' id='word_1_177' title='bbox 265 2686 324 2750; x_wconf 91' lang='lat' dir='ltr'>bus</span> <span class='ocrx_word' id='word_1_178' title='bbox 347 2687 594 2769; x_wconf 87' lang='lat' dir='ltr'>responderunt:</span> <span class='ocrx_word' id='word_1_179' title='bbox 625 2690 660 2750; x_wconf 89' lang='lat' dir='ltr'>tu</span> <span class='ocrx_word' id='word_1_180' title='bbox 683 2708 844 2769; x_wconf 89' lang='lat' dir='ltr'>nunquam</span> <span class='ocrx_word' id='word_1_181' title='bbox 869 2686 907 2750; x_wconf 90' lang='lat' dir='ltr'>de</span> <span class='ocrx_word' id='word_1_182' title='bbox 928 2685 992 2750; x_wconf 92' lang='lat' dir='ltr'>tuis</span> <span class='ocrx_word' id='word_1_183' title='bbox 1017 2685 1108 2749; x_wconf 91' lang='lat' dir='ltr'>bonis</span> <span class='ocrx_word' id='word_1_184' title='bbox 1130 2683 1223 2749; x_wconf 89' lang='lat' dir='ltr'>nobis</span> <span class='ocrx_word' id='word_1_185' title='bbox 1244 2683 1416 2749; x_wconf 82' lang='lat' dir='ltr'>vendidisti</span> <span class='ocrx_word' id='word_1_186' title='bbox 1536 2713 1539 2722; x_wconf 94' lang='lat'>·</span> 
     </span>
    </p>
   </div>
   <div class='ocr_carea' id='block_1_8' title="bbox 228 2786 1421 4458">
    <p class='ocr_par' dir='ltr' id='par_1_9' title="bbox 228 2786 1421 4458">
     <span class='ocr_line' id='line_1_23' title="bbox 265 2786 1415 2876; baseline -0.004 -21"><span class='ocrx_word' id='word_1_187' title='bbox 265 2813 323 2855; x_wconf 89' lang='lat' dir='ltr'>nee</span> <span class='ocrx_word' id='word_1_188' title='bbox 338 2790 431 2855; x_wconf 91' lang='lat' dir='ltr'>modo</span> <span class='ocrx_word' id='word_1_189' title='bbox 445 2790 506 2854; x_wconf 90' lang='lat' dir='ltr'>tibi</span> <span class='ocrx_word' id='word_1_190' title='bbox 522 2791 641 2876; x_wconf 87' lang='lat' dir='ltr'>aliquid</span> <span class='ocrx_word' id='word_1_191' title='bbox 659 2790 837 2857; x_wconf 88' lang='lat' dir='ltr'>vendemus.</span> <span class='ocrx_word' id='word_1_192' title='bbox 869 2789 989 2854; x_wconf 89' lang='lat' dir='ltr'>lterum</span> <span class='ocrx_word' id='word_1_193' title='bbox 1005 2793 1110 2854; x_wconf 86' lang='lat' dir='ltr'>autem</span> <span class='ocrx_word' id='word_1_194' title='bbox 1125 2788 1205 2853; x_wconf 90' lang='lat' dir='ltr'>alios</span> <span class='ocrx_word' id='word_1_195' title='bbox 1220 2786 1351 2852; x_wconf 90' lang='lat' dir='ltr'>nuntios</span> <span class='ocrx_word' id='word_1_196' title='bbox 1366 2787 1415 2850; x_wconf 91' lang='lat' dir='ltr'>di-</span> 
     </span>
     <span class='ocr_line' id='line_1_24' title="bbox 265 2891 1415 2974; baseline -0.004 -15"><span class='ocrx_word' id='word_1_197' title='bbox 265 2896 362 2974; x_wconf 84' lang='lat' dir='ltr'>rexit,</span> <span class='ocrx_word' id='word_1_198' title='bbox 386 2901 422 2960; x_wconf 90' lang='lat' dir='ltr'>ut</span> <span class='ocrx_word' id='word_1_199' title='bbox 445 2917 553 2960; x_wconf 82' lang='lat' dir='ltr'>secure</span> <span class='ocrx_word' id='word_1_200' title='bbox 574 2897 615 2961; x_wconf 91' lang='lat' dir='ltr'>ad</span> <span class='ocrx_word' id='word_1_201' title='bbox 638 2896 835 2961; x_wconf 89' lang='lat' dir='ltr'>vendendum</span> <span class='ocrx_word' id='word_1_202' title='bbox 858 2895 1042 2960; x_wconf 76' lang='lat' dir='ltr'>transirent.</span> <span class='ocrx_word' id='word_1_203' title='bbox 1089 2891 1148 2958; x_wconf 83' lang='lat' dir='ltr'>Cui</span> <span class='ocrx_word' id='word_1_204' title='bbox 1171 2893 1238 2960; x_wconf 91' lang='lat' dir='ltr'>illi:</span> <span class='ocrx_word' id='word_1_205' title='bbox 1272 2897 1308 2957; x_wconf 88' lang='lat' dir='ltr'>tu</span> <span class='ocrx_word' id='word_1_206' title='bbox 1330 2913 1415 2955; x_wconf 93' lang='lat' dir='ltr'>nun·</span> 
     </span>
     <span class='ocr_line' id='line_1_25' title="bbox 267 2995 1412 3084; baseline -0.003 -20"><span class='ocrx_word' id='word_1_207' title='bbox 267 3021 363 3084; x_wconf 87' lang='lat' dir='ltr'>quam</span> <span class='ocrx_word' id='word_1_208' title='bbox 388 3021 444 3064; x_wconf 82' lang='lat' dir='ltr'>nov</span> <span class='ocrx_word' id='word_1_209' title='bbox 468 3001 606 3083; x_wconf 78' lang='lat' dir='ltr'>recipere</span> <span class='ocrx_word' id='word_1_210' title='bbox 618 3001 746 3066; x_wconf 90' lang='lat' dir='ltr'>voluisti</span> <span class='ocrx_word' id='word_1_211' title='bbox 761 3023 819 3066; x_wconf 87' lang='lat' dir='ltr'>nee</span> <span class='ocrx_word' id='word_1_212' title='bbox 842 3000 935 3065; x_wconf 89' lang='lat' dir='ltr'>modo</span> <span class='ocrx_word' id='word_1_213' title='bbox 959 3021 1016 3065; x_wconf 88' lang='lat' dir='ltr'>nos</span> <span class='ocrx_word' id='word_1_214' title='bbox 1032 2999 1177 3083; x_wconf 73' lang='lat' dir='ltr'>recipies.</span> <span class='ocrx_word' id='word_1_215' title='bbox 1223 2997 1335 3062; x_wconf 87' lang='lat' dir='ltr'>Denuo</span> <span class='ocrx_word' id='word_1_216' title='bbox 1351 2995 1412 3060; x_wconf 85' lang='lat' dir='ltr'>mi·</span> 
     </span>
     <span class='ocr_line' id='line_1_26' title="bbox 228 3101 1416 3190; baseline -0.007 -17"><span class='ocrx_word' id='word_1_217' title='bbox 228 3135 253 3174; x_wconf 79' lang='lat' dir='ltr'>aa</span> <span class='ocrx_word' id='word_1_218' title='bbox 267 3105 310 3170; x_wconf 86' lang='lat' dir='ltr'>sit</span> <span class='ocrx_word' id='word_1_219' title='bbox 332 3105 388 3183; x_wconf 89' lang='lat' dir='ltr'>iis,</span> <span class='ocrx_word' id='word_1_220' title='bbox 421 3109 458 3170; x_wconf 87' lang='lat' dir='ltr'>ut</span> <span class='ocrx_word' id='word_1_221' title='bbox 480 3127 514 3170; x_wconf 89' lang='lat' dir='ltr'>se</span> <span class='ocrx_word' id='word_1_222' title='bbox 536 3127 607 3171; x_wconf 87' lang='lat' dir='ltr'>eum</span> <span class='ocrx_word' id='word_1_223' title='bbox 630 3107 695 3171; x_wconf 80' lang='lat' dir='ltr'>suiv</span> <span class='ocrx_word' id='word_1_224' title='bbox 717 3109 858 3190; x_wconf 87' lang='lat' dir='ltr'>recipere</span> <span class='ocrx_word' id='word_1_225' title='bbox 880 3104 999 3170; x_wconf 88' lang='lat' dir='ltr'>vellent</span> <span class='ocrx_word' id='word_1_226' title='bbox 1021 3125 1080 3170; x_wconf 89' lang='lat' dir='ltr'>nee</span> <span class='ocrx_word' id='word_1_227' title='bbox 1101 3125 1153 3168; x_wconf 85' lang='lat' dir='ltr'>eos</span> <span class='ocrx_word' id='word_1_228' title='bbox 1176 3103 1211 3168; x_wconf 93' lang='lat' dir='ltr'>in</span> <span class='ocrx_word' id='word_1_229' title='bbox 1234 3101 1416 3167; x_wconf 70' lang='lat' dir='ltr'>calamitate</span> 
     </span>
     <span class='ocr_line' id='line_1_27' title="bbox 268 3207 1417 3295; baseline -0.004 -19"><span class='ocrx_word' id='word_1_230' title='bbox 268 3211 454 3295; x_wconf 85' lang='lat' dir='ltr'>relinquere.</span> <span class='ocrx_word' id='word_1_231' title='bbox 501 3209 542 3274; x_wconf 79' lang='lat' dir='ltr'>Et</span> <span class='ocrx_word' id='word_1_232' title='bbox 574 3210 637 3277; x_wconf 90' lang='lat' dir='ltr'>illi:</span> <span class='ocrx_word' id='word_1_233' title='bbox 666 3218 703 3276; x_wconf 94' lang='lat' dir='ltr'>tu</span> <span class='ocrx_word' id='word_1_234' title='bbox 731 3233 894 3295; x_wconf 86' lang='lat' dir='ltr'>nunquam</span> <span class='ocrx_word' id='word_1_235' title='bbox 926 3210 965 3276; x_wconf 93' lang='lat' dir='ltr'>ad</span> <span class='ocrx_word' id='word_1_236' title='bbox 994 3231 1051 3274; x_wconf 89' lang='lat' dir='ltr'>uos</span> <span class='ocrx_word' id='word_1_237' title='bbox 1081 3208 1215 3286; x_wconf 89' lang='lat' dir='ltr'>venisti,</span> <span class='ocrx_word' id='word_1_238' title='bbox 1246 3207 1362 3273; x_wconf 86' lang='lat' dir='ltr'>ideireo</span> <span class='ocrx_word' id='word_1_239' title='bbox 1384 3208 1417 3271; x_wconf 86' lang='lat' dir='ltr'>te</span> 
     </span>
     <span class='ocr_line' id='line_1_28' title="bbox 268 3312 1416 3401; baseline -0.005 -19"><span class='ocrx_word' id='word_1_240' title='bbox 268 3338 331 3382; x_wconf 91' lang='lat' dir='ltr'>nou</span> <span class='ocrx_word' id='word_1_241' title='bbox 356 3317 542 3401; x_wconf 82' lang='lat' dir='ltr'>recipiemus</span> <span class='ocrx_word' id='word_1_242' title='bbox 565 3321 606 3395; x_wconf 89' lang='lat' dir='ltr'>et,</span> <span class='ocrx_word' id='word_1_243' title='bbox 631 3317 658 3381; x_wconf 91' lang='lat' dir='ltr'>si</span> <span class='ocrx_word' id='word_1_244' title='bbox 681 3317 813 3395; x_wconf 90' lang='lat' dir='ltr'>veneris,</span> <span class='ocrx_word' id='word_1_245' title='bbox 841 3320 873 3380; x_wconf 87' lang='lat' dir='ltr'>te</span> <span class='ocrx_word' id='word_1_246' title='bbox 895 3315 1106 3400; x_wconf 82' lang='lat' dir='ltr'>projiciemus.</span> <span class='ocrx_word' id='word_1_247' title='bbox 1144 3312 1195 3380; x_wconf 79' lang='lat' dir='ltr'>sie</span> <span class='ocrx_word' id='word_1_248' title='bbox 1218 3312 1304 3378; x_wconf 88' lang='lat' dir='ltr'>enim</span> <span class='ocrx_word' id='word_1_249' title='bbox 1326 3312 1416 3376; x_wconf 91' lang='lat' dir='ltr'>dere-</span> 
     </span>
     <span class='ocr_line' id='line_1_29' title="bbox 269 3415 1417 3499; baseline -0.007 -13"><span class='ocrx_word' id='word_1_250' title='bbox 269 3423 364 3487; x_wconf 83' lang='lat' dir='ltr'>lictus</span> <span class='ocrx_word' id='word_1_251' title='bbox 396 3422 436 3488; x_wconf 90' lang='lat' dir='ltr'>ab</span> <span class='ocrx_word' id='word_1_252' title='bbox 459 3422 605 3487; x_wconf 89' lang='lat' dir='ltr'>omnibus</span> <span class='ocrx_word' id='word_1_253' title='bbox 630 3422 851 3487; x_wconf 85' lang='lat' dir='ltr'>miserabiliter</span> <span class='ocrx_word' id='word_1_254' title='bbox 878 3443 949 3488; x_wconf 87' lang='lat' dir='ltr'>eum</span> <span class='ocrx_word' id='word_1_255' title='bbox 972 3420 1036 3485; x_wconf 90' lang='lat' dir='ltr'>suis</span> <span class='ocrx_word' id='word_1_256' title='bbox 1058 3418 1184 3484; x_wconf 86' lang='lat' dir='ltr'>interiit</span> <span class='ocrx_word' id='word_1_257' title='bbox 1205 3418 1330 3483; x_wconf 81' lang='lat' dir='ltr'>dicens:</span> <span class='ocrx_word' id='word_1_258' title='bbox 1362 3415 1417 3499; x_wconf 93' lang='lat' dir='ltr'>qui</span> 
     </span>
     <span class='ocr_line' id='line_1_30' title="bbox 269 3523 1419 3612; baseline -0.006 -21"><span class='ocrx_word' id='word_1_259' title='bbox 269 3528 448 3605; x_wconf 88' lang='lat' dir='ltr'>nonservit,</span> <span class='ocrx_word' id='word_1_260' title='bbox 459 3527 488 3592; x_wconf 90' lang='lat' dir='ltr'>ei</span> <span class='ocrx_word' id='word_1_261' title='bbox 497 3549 560 3592; x_wconf 88' lang='lat' dir='ltr'>non</span> <span class='ocrx_word' id='word_1_262' title='bbox 569 3527 705 3593; x_wconf 87' lang='lat' dir='ltr'>servitur</span> <span class='ocrx_word' id='word_1_263' title='bbox 713 3549 771 3592; x_wconf 88' lang='lat' dir='ltr'>nee</span> <span class='ocrx_word' id='word_1_264' title='bbox 782 3529 814 3592; x_wconf 91' lang='lat' dir='ltr'>in</span> <span class='ocrx_word' id='word_1_265' title='bbox 825 3527 916 3592; x_wconf 88' lang='lat' dir='ltr'>malis</span> <span class='ocrx_word' id='word_1_266' title='bbox 926 3525 1120 3612; x_wconf 86' lang='lat' dir='ltr'>subvenitur.</span> <span class='ocrx_word' id='word_1_267' title='bbox 1149 3523 1361 3608; x_wconf 82' lang='lat' dir='ltr'>Ergobonum</span> <span class='ocrx_word' id='word_1_268' title='bbox 1371 3523 1419 3584; x_wconf 88' lang='lat' dir='ltr'>est</span> 
     </span>
     <span class='ocr_line' id='line_1_31' title="bbox 229 3627 1417 3716; baseline -0.009 -16"><span class='ocrx_word' id='word_1_269' title='bbox 229 3663 255 3700; x_wconf 82' lang='lat' dir='ltr'>so</span> <span class='ocrx_word' id='word_1_270' title='bbox 269 3655 334 3698; x_wconf 88' lang='lat' dir='ltr'>esse</span> <span class='ocrx_word' id='word_1_271' title='bbox 356 3633 484 3698; x_wconf 89' lang='lat' dir='ltr'>eurialis</span> <span class='ocrx_word' id='word_1_272' title='bbox 506 3637 538 3698; x_wconf 87' lang='lat' dir='ltr'>et</span> <span class='ocrx_word' id='word_1_273' title='bbox 561 3632 698 3716; x_wconf 83' lang='lat' dir='ltr'>reeipere</span> <span class='ocrx_word' id='word_1_274' title='bbox 721 3633 861 3698; x_wconf 79' lang='lat' dir='ltr'>forenses</span> <span class='ocrx_word' id='word_1_275' title='bbox 894 3635 926 3695; x_wconf 91' lang='lat' dir='ltr'>et</span> <span class='ocrx_word' id='word_1_276' title='bbox 948 3629 1088 3713; x_wconf 89' lang='lat' dir='ltr'>hospites</span> <span class='ocrx_word' id='word_1_277' title='bbox 1119 3633 1245 3692; x_wconf 85' lang='lat' dir='ltr'>etcum</span> <span class='ocrx_word' id='word_1_278' title='bbox 1267 3627 1339 3691; x_wconf 90' lang='lat' dir='ltr'>aliis</span> <span class='ocrx_word' id='word_1_279' title='bbox 1362 3647 1417 3689; x_wconf 91' lang='lat' dir='ltr'>ne·</span> 
     </span>
     <span class='ocr_line' id='line_1_32' title="bbox 267 3728 1419 3824; baseline -0.009 -21"><span class='ocrx_word' id='word_1_280' title='bbox 267 3738 384 3824; x_wconf 86' lang='lat' dir='ltr'>gotiari</span> <span class='ocrx_word' id='word_1_281' title='bbox 406 3739 444 3802; x_wconf 90' lang='lat' dir='ltr'>de</span> <span class='ocrx_word' id='word_1_282' title='bbox 466 3759 584 3822; x_wconf 86' lang='lat' dir='ltr'>sueque</span> <span class='ocrx_word' id='word_1_283' title='bbox 606 3737 677 3802; x_wconf 89' lang='lat' dir='ltr'>aliis</span> <span class='ocrx_word' id='word_1_284' title='bbox 708 3737 846 3802; x_wconf 88' lang='lat' dir='ltr'>tribuere</span> <span class='ocrx_word' id='word_1_285' title='bbox 875 3740 907 3802; x_wconf 87' lang='lat' dir='ltr'>et</span> <span class='ocrx_word' id='word_1_286' title='bbox 938 3735 1033 3800; x_wconf 88' lang='lat' dir='ltr'>etiam</span> <span class='ocrx_word' id='word_1_287' title='bbox 1065 3732 1307 3798; x_wconf 74' lang='lat' dir='ltr'>communicare.</span> <span class='ocrx_word' id='word_1_288' title='bbox 1360 3728 1419 3794; x_wconf 79' lang='lat' dir='ltr'>Ait</span> 
     </span>
     <span class='ocr_line' id='line_1_33' title="bbox 267 3834 1420 3922; baseline -0.009 -14"><span class='ocrx_word' id='word_1_289' title='bbox 267 3845 352 3909; x_wconf 90' lang='lat' dir='ltr'>euim</span> <span class='ocrx_word' id='word_1_290' title='bbox 379 3844 517 3908; x_wconf 84' lang='lat' dir='ltr'>salvator</span> <span class='ocrx_word' id='word_1_291' title='bbox 540 3841 654 3906; x_wconf 88' lang='lat' dir='ltr'>Matth.</span> <span class='ocrx_word' id='word_1_292' title='bbox 700 3841 800 3908; x_wconf 62' lang='lat' dir='ltr'>Vir:</span> <span class='ocrx_word' id='word_1_293' title='bbox 832 3843 938 3906; x_wconf 83' lang='lat' dir='ltr'>omnia</span> <span class='ocrx_word' id='word_1_294' title='bbox 966 3861 1058 3922; x_wconf 80' lang='lat' dir='ltr'>ergo,</span> <span class='ocrx_word' id='word_1_295' title='bbox 1089 3858 1283 3922; x_wconf 84' lang='lat' dir='ltr'>quaeeunque</span> <span class='ocrx_word' id='word_1_296' title='bbox 1323 3834 1420 3900; x_wconf 90' lang='lat' dir='ltr'>vultis</span> 
     </span>
     <span class='ocr_line' id='line_1_34' title="bbox 266 3941 1418 4024; baseline -0.01 -10"><span class='ocrx_word' id='word_1_297' title='bbox 266 3956 304 4014; x_wconf 90' lang='lat' dir='ltr'>ut</span> <span class='ocrx_word' id='word_1_298' title='bbox 326 3948 444 4014; x_wconf 82' lang='lat' dir='ltr'>faciant</span> <span class='ocrx_word' id='word_1_299' title='bbox 466 3947 554 4012; x_wconf 88' lang='lat' dir='ltr'>vobis</span> <span class='ocrx_word' id='word_1_300' title='bbox 577 3947 731 4024; x_wconf 79' lang='lat' dir='ltr'>heminae,</span> <span class='ocrx_word' id='word_1_301' title='bbox 751 3955 784 4011; x_wconf 92' lang='lat' dir='ltr'>et</span> <span class='ocrx_word' id='word_1_302' title='bbox 808 3969 860 4011; x_wconf 87' lang='lat' dir='ltr'>vos</span> <span class='ocrx_word' id='word_1_303' title='bbox 884 3948 976 4010; x_wconf 84' lang='lat' dir='ltr'>facite</span> <span class='ocrx_word' id='word_1_304' title='bbox 998 3944 1072 4008; x_wconf 90' lang='lat' dir='ltr'>illis.</span> <span class='ocrx_word' id='word_1_305' title='bbox 1126 3941 1202 4006; x_wconf 79' lang='lat' dir='ltr'>Haee</span> <span class='ocrx_word' id='word_1_306' title='bbox 1217 3941 1268 4006; x_wconf 86' lang='lat' dir='ltr'>lex</span> <span class='ocrx_word' id='word_1_307' title='bbox 1297 3945 1329 4004; x_wconf 89' lang='lat' dir='ltr'>et</span> <span class='ocrx_word' id='word_1_308' title='bbox 1343 3961 1418 4024; x_wconf 89' lang='lat' dir='ltr'>pro-</span> 
     </span>
     <span class='ocr_line' id='line_1_35' title="bbox 268 4045 1421 4144; baseline -0.013 -20"><span class='ocrx_word' id='word_1_309' title='bbox 268 4060 381 4144; x_wconf 75' lang='lat' dir='ltr'>pheta·</span> <span class='ocrx_word' id='word_1_310' title='bbox 427 4052 469 4118; x_wconf 83' lang='lat' dir='ltr'>Et</span> <span class='ocrx_word' id='word_1_311' title='bbox 491 4051 646 4118; x_wconf 88' lang='lat' dir='ltr'>Basilius:</span> <span class='ocrx_word' id='word_1_312' title='bbox 673 4053 747 4117; x_wconf 84' lang='lat' dir='ltr'>talis</span> <span class='ocrx_word' id='word_1_313' title='bbox 770 4055 837 4116; x_wconf 88' lang='lat' dir='ltr'>este</span> <span class='ocrx_word' id='word_1_314' title='bbox 860 4051 951 4128; x_wconf 87' lang='lat' dir='ltr'>aliis,</span> <span class='ocrx_word' id='word_1_315' title='bbox 980 4049 1088 4132; x_wconf 88' lang='lat' dir='ltr'>quales</span> <span class='ocrx_word' id='word_1_316' title='bbox 1109 4051 1142 4112; x_wconf 91' lang='lat' dir='ltr'>et</span> <span class='ocrx_word' id='word_1_317' title='bbox 1164 4050 1312 4131; x_wconf 77' lang='lat' dir='ltr'>peroptat</span> <span class='ocrx_word' id='word_1_318' title='bbox 1336 4045 1421 4110; x_wconf 89' lang='lat' dir='ltr'>eirea</span> 
     </span>
     <span class='ocr_line' id='line_1_36' title="bbox 230 4151 1419 4242; baseline -0.008 -18"><span class='ocrx_word' id='word_1_319' title='bbox 230 4186 256 4224; x_wconf 79' lang='lat' dir='ltr'>se</span> <span class='ocrx_word' id='word_1_320' title='bbox 270 4173 302 4228; x_wconf 81' lang='lat' dir='ltr'>te</span> <span class='ocrx_word' id='word_1_321' title='bbox 333 4185 397 4227; x_wconf 88' lang='lat' dir='ltr'>esse</span> <span class='ocrx_word' id='word_1_322' title='bbox 419 4161 506 4226; x_wconf 91' lang='lat' dir='ltr'>alios.</span> <span class='ocrx_word' id='word_1_323' title='bbox 553 4157 705 4242; x_wconf 76' lang='lat' dir='ltr'>Legitur,</span> <span class='ocrx_word' id='word_1_324' title='bbox 739 4159 843 4241; x_wconf 88' lang='lat' dir='ltr'>quod,</span> <span class='ocrx_word' id='word_1_325' title='bbox 874 4158 949 4221; x_wconf 88' lang='lat' dir='ltr'>dum</span> <span class='ocrx_word' id='word_1_326' title='bbox 971 4153 1149 4220; x_wconf 81' lang='lat' dir='ltr'>Alexander</span> <span class='ocrx_word' id='word_1_327' title='bbox 1179 4175 1235 4236; x_wconf 90' lang='lat' dir='ltr'>per</span> <span class='ocrx_word' id='word_1_328' title='bbox 1259 4151 1419 4235; x_wconf 85' lang='lat' dir='ltr'>quandam</span> 
     </span>
     <span class='ocr_line' id='line_1_37' title="bbox 270 4257 1421 4351; baseline -0.013 -17"><span class='ocrx_word' id='word_1_329' title='bbox 270 4271 355 4334; x_wconf 86' lang='lat' dir='ltr'>viam</span> <span class='ocrx_word' id='word_1_330' title='bbox 377 4270 522 4351; x_wconf 82' lang='lat' dir='ltr'>pergeret</span> <span class='ocrx_word' id='word_1_331' title='bbox 551 4266 584 4326; x_wconf 90' lang='lat' dir='ltr'>et</span> <span class='ocrx_word' id='word_1_332' title='bbox 615 4263 684 4347; x_wconf 89' lang='lat' dir='ltr'>ipse</span> <span class='ocrx_word' id='word_1_333' title='bbox 717 4285 786 4328; x_wconf 84' lang='lat' dir='ltr'>cum</span> <span class='ocrx_word' id='word_1_334' title='bbox 811 4285 867 4327; x_wconf 88' lang='lat' dir='ltr'>suo</span> <span class='ocrx_word' id='word_1_335' title='bbox 899 4260 1038 4326; x_wconf 79' lang='lat' dir='ltr'>exercitu</span> <span class='ocrx_word' id='word_1_336' title='bbox 1065 4259 1132 4324; x_wconf 86' lang='lat' dir='ltr'>fere</span> <span class='ocrx_word' id='word_1_337' title='bbox 1161 4257 1215 4322; x_wconf 85' lang='lat' dir='ltr'>siti</span> <span class='ocrx_word' id='word_1_338' title='bbox 1241 4257 1421 4334; x_wconf 80' lang='lat' dir='ltr'>deficerent,</span> 
     </span>
     <span class='ocr_line' id='line_1_38' title="bbox 271 4362 1419 4458; baseline -0.009 -20"><span class='ocrx_word' id='word_1_339' title='bbox 271 4374 399 4458; x_wconf 89' lang='lat' dir='ltr'>quidam</span> <span class='ocrx_word' id='word_1_340' title='bbox 430 4394 488 4457; x_wconf 87' lang='lat' dir='ltr'>pro</span> <span class='ocrx_word' id='word_1_341' title='bbox 510 4391 626 4454; x_wconf 84' lang='lat' dir='ltr'>magno</span> <span class='ocrx_word' id='word_1_342' title='bbox 650 4389 779 4434; x_wconf 88' lang='lat' dir='ltr'>munere</span> <span class='ocrx_word' id='word_1_343' title='bbox 802 4367 955 4452; x_wconf 79' lang='lat' dir='ltr'>scyphum</span> <span class='ocrx_word' id='word_1_344' title='bbox 978 4386 1067 4448; x_wconf 77' lang='lat' dir='ltr'>aquas</span> <span class='ocrx_word' id='word_1_345' title='bbox 1099 4363 1160 4429; x_wconf 93' lang='lat' dir='ltr'>sibi</span> <span class='ocrx_word' id='word_1_346' title='bbox 1190 4362 1296 4442; x_wconf 85' lang='lat' dir='ltr'>dedit,</span> <span class='ocrx_word' id='word_1_347' title='bbox 1326 4382 1419 4446; x_wconf 87' lang='lat' dir='ltr'>quem</span> 
     </span>
    </p>
   </div>
   <div class='ocr_carea' id='block_1_9' title="bbox 0 0 1589 4962">
    <p class='ocr_par' dir='ltr' id='par_1_10' title="bbox 0 0 1589 4962">
     <span class='ocr_line' id='line_1_39' title="bbox 0 0 1589 4962; baseline 0 0"><span class='ocrx_word' id='word_1_348' title='bbox 0 0 1589 4962; x_wconf 95' lang='lat' dir='ltr'> </span> 
     </span>
    </p>
   </div>
  </div>
 </body>
</html>
