3172 4958
825 305 868 372 92

275 482 374 546 vitate
396 479 519 545 mellita
547 479 706 564 patienter
735 480 916 566 respoudit:
949 480 1092 548 discurro
1126 505 1183 567 per
1212 481 1305 546 flores
1327 477 1428 563 aequis

275 585 437 650 laboribus
459 606 565 650 emens
589 585 741 670 pabulum
764 585 877 651 mellis.
923 587 1015 652 Tunc
1035 609 1150 652 aranea
1165 587 1266 652 dixit:
1290 583 1429 648 stultum

276 693 454 754 esttamen
477 711 534 772 pro
550 688 637 754 stilla
653 691 733 755 roris
748 689 892 755 melliflui
915 690 1057 758 circuire.
1104 691 1155 756 Ad
1182 691 1249 755 haeo
1270 689 1340 772 apis
1372 687 1429 752 ad·

272 794 399 878 junxit:
429 793 564 858 stultum
587 795 652 860 imo
679 799 726 859 est
750 796 832 879 quod
852 796 976 879 judicas
997 817 1062 860 non
1087 797 1223 874 sentire,
1255 791 1429 859 stolidissi-

249 915 364 964 vmum
387 903 492 964 autem
514 921 573 983 pro
596 902 682 965 victu
704 901 804 966 vitam
828 922 979 980 evomere,
1004 922 1062 985 pro
1085 901 1240 966 vilissima
1255 920 1289 963 re
1304 897 1430 962 medul-

276 1006 338 1070 lam
363 1004 557 1071 carissimam
580 1005 728 1084 fundere,
763 1027 821 1090 pro
844 1006 966 1072 incerto
988 1009 1109 1071 certum
1133 1004 1338 1089 impendere,
1371 1022 1431 1085 pro

275 1110 410 1174 minimo
431 1131 583 1194 magnum
606 1111 735 1194 perdere
765 1133 802 1175 ac
832 1133 890 1194 pro
914 1111 1117 1175 foetidissima
1138 1131 1246 1174 musca
1269 1107 1431 1190 teipsum

276 1215 456 1280 eviscerare.
502 1214 572 1301 Ego
587 1220 679 1294 certe,
703 1215 787 1280 nihil
803 1216 841 1280 de
856 1216 993 1299 propriis
1016 1215 1201 1294 amittendo,
1217 1214 1329 1279 laboro
1344 1233 1430 1277 sem-

277 1316 334 1404 per
355 1320 396 1384 ad
418 1323 556 1398 eertum,
589 1324 625 1384 tu
656 1324 762 1386 autem
792 1325 861 1385 tota
891 1320 941 1384 die
973 1321 1134 1386 insidiaris
1158 1321 1348 1396 eviscerata,
1371 1339 1433 1400 pro

238 1442 263 1480 1⁰
277 1424 398 1488 incerto
429 1425 484 1488 das
518 1426 551 1488 et
581 1425 685 1507 perdis
717 1425 867 1490 intimum
898 1430 1007 1503 tuum,
1035 1429 1073 1489 ut
1102 1425 1207 1508 rapias
1234 1422 1434 1488 extrinsecus

278 1529 426 1594 alienum.
473 1528 627 1594 Attamen
650 1531 778 1594 eumin
801 1529 988 1594 retiaculum
1012 1529 1204 1594 occultatum
1236 1524 1319 1592 nihil
1350 1525 1434 1590 inci-

277 1633 375 1711 derit,
408 1633 481 1716 quid
513 1633 609 1698 habes
634 1633 720 1698 aliud
743 1634 806 1697 nisi
829 1634 913 1717 quod
935 1634 1126 1716 perdidisti?
1159 1632 1271 1698 Omnis
1295 1651 1435 1712 namque

277 1738 330 1802 fur
352 1743 427 1803 ante
446 1739 552 1823 perdit
574 1760 649 1816 sua,
685 1761 781 1822 quam
803 1739 909 1823 rapiat
930 1737 1051 1816 aliena,
1085 1738 1141 1802 dat
1170 1759 1228 1820 pro
1250 1739 1336 1800 veste
1357 1734 1435 1798 fidei

278 1844 428 1928 gloriam,
460 1864 518 1926 pro
550 1865 627 1906 auro
654 1843 830 1926 justitiam,
861 1863 919 1926 pro
942 1842 1013 1907 cibo
1035 1842 1154 1920 vitam,
1188 1861 1247 1926 pro
1269 1839 1434 1905 accidente

240 1963 266 2002 1⁶
280 1947 491 2012 substantiam
503 1951 534 2011 et
547 1968 604 2031 pro
612 1947 793 2031 iniquitatis
808 1946 993 2011 necessitate
1007 1947 1163 2030 pascenda
1178 1952 1332 2029 tanquam
1348 1967 1434 2010 mer-

280 2057 366 2117 cator
383 2051 516 2116 stolidus
526 2052 655 2116 virtutis
670 2052 852 2128 clarissimae
868 2051 973 2136 perdit
981 2050 1108 2116 famam.
1141 2051 1255 2115 Melior
1265 2050 1366 2135 igitur
1382 2053 1434 2112 est
1468 2097 1471 2102 .

280 2159 370 2223 labor
393 2157 494 2222 factus
506 2156 611 2221 fructu
620 2158 763 2241 justitiae,
787 2180 881 2242 quam
899 2157 1021 2241 rapacis
1034 2157 1176 2222 avaritiae
1191 2154 1433 2240 tempestuosis-

281 2263 362 2328 sima
384 2263 482 2347 quies.
528 2262 588 2327 His
611 2263 727 2327 auditis
750 2267 822 2346 post
845 2262 1062 2330 confusionem
1078 2283 1193 2326 aranea
1208 2283 1241 2326 se
1255 2259 1432 2325 abscondit.

283 2473 543 2551 Contraeos,
567 2473 648 2556 qni,
673 2472 1140 2556 utsplendidevivant,
1164 2469 1436 2554 rapinaedant

244 2591 270 2630 ⁹0
766 2598 941 2660 operam.

585 2751 639 2817 De
661 2752 763 2816 bove
786 2755 825 2816 et
848 2753 964 2836 lupo,
986 2773 1055 2837 cap.
1083 2753 1131 2814 16.

370 2889 447 2955 Post
473 2891 586 2976 jugum
616 2891 735 2956 laboris
765 2913 801 2956 ae
832 2892 988 2978 commodi
1016 2892 1050 2956 in
1081 2890 1187 2955 eibum
1210 2887 1291 2953 falae
1313 2889 1435 2974 liuguae

283 2995 391 3059 bovem
424 2995 538 3059 herbas
570 2999 741 3060 metentem
773 2996 978 3078 vagabundus
1007 2996 1073 3060 otio
1104 2993 1198 3078 lupus
1232 3015 1330 3078 rapax
1361 3015 1435 3058 cum

283 3102 439 3177 cemoret,
475 3121 547 3165 mox
571 3100 609 3165 ad
633 3122 703 3165 eum
732 3091 861 3166 veniens
890 3100 1015 3185 inquit:
1048 3099 1124 3182 quid
1156 3105 1221 3177 est,
1252 3099 1335 3183 quod
1366 3103 1435 3162 tam

245 3231 270 3271 ss
283 3203 423 3268 validum
453 3207 571 3271 animal
601 3207 764 3290 acutisque
791 3207 939 3270 cornibus
962 3206 1160 3271 adarmatum
1184 3226 1247 3268 non
1270 3204 1372 3269 solum
1394 3203 1438 3267 ab

283 3311 413 3375 homine
431 3312 545 3396 jugum
568 3310 684 3376 toleras
707 3312 903 3397 gravissimae
925 3311 1098 3388 servitutis,
1121 3309 1175 3376 sed
1195 3309 1278 3392 quod
1295 3308 1434 3373 deterius

284 3419 341 3494 est,
365 3421 438 3500 post
460 3419 527 3480 tam
549 3417 656 3501 gravis
677 3417 796 3481 laboris
819 3438 898 3481 onus
920 3416 1001 3480 vivis
1025 3415 1128 3480 edulio
1151 3413 1312 3478 vilitatis?
1343 3411 1438 3476 Certe

284 3521 311 3584 si
339 3541 434 3604 super
462 3525 563 3585 artem
594 3521 659 3586 doli
687 3522 890 3606 vigoremque
920 3521 1024 3586 dentis
1056 3520 1137 3584 mihi
1165 3522 1290 3584 tantam
1316 3521 1435 3582 natura

283 3623 480 3689 validitatem
511 3625 662 3705 dedisset,
696 3627 744 3690 ita
767 3625 858 3690 bonis
889 3626 957 3691 sine
987 3624 1151 3690 laboribus
1183 3622 1331 3687 carnibus
1363 3644 1434 3686 ves·

246 3755 272 3793 so
285 3751 387 3808 cerer,
419 3730 508 3794 aselli
539 3734 646 3795 tamen
678 3753 766 3796 esum
797 3731 850 3795 vix
890 3731 1061 3815 dignarer!
1100 3728 1150 3795 Ad
1182 3727 1250 3792 haec
1287 3727 1342 3791 bos
1380 3747 1437 3790 ru·

284 3835 407 3900 minata
428 3835 586 3899 sententia
608 3837 806 3918 respondisse
829 3836 961 3901 dieitur:
992 3856 1011 3899 o
1035 3834 1063 3898 si
1093 3832 1284 3898 innocentiae
1306 3832 1438 3910 bonum,

285 3939 538 4005 mansuetudinis
570 3939 725 4017 fructum,
754 3940 914 4024 aequitatis
946 3940 1145 4005 commodum
1172 3937 1322 4020 pacisque
1345 3936 1441 4000 decus

285 4045 368 4110 libra
391 4045 526 4109 rationis
544 4044 736 4128 appenderes
758 4050 790 4108 et
812 4045 939 4110 hostilis
955 4043 1142 4130 rapacitatis
1158 4046 1281 4106 reatum
1300 4040 1440 4124 diligen-

285 4151 362 4216 tiori
373 4150 653 4233 circumspectione
665 4150 815 4218 libraresl
839 4149 970 4214 Videres
986 4169 1133 4232 namque,
1158 4150 1285 4230 quantae
1308 4145 1440 4211 calami-

248 4256 363 4320 svtetis
386 4255 429 4319 sit
450 4255 559 4320 saevire
582 4251 744 4320 hostiliter
766 4277 802 4320 ac
825 4255 983 4339 rapaciter
1006 4253 1120 4331 vivere,
1148 4273 1220 4316 cum
1243 4250 1440 4335 nequissima

285 4359 354 4425 vlte
384 4347 507 4424 mleeree
531 4359 709 4445 juventutis
741 4360 785 4430 sit
811 4360 886 4426 lues
932 4357 1080 4444 Namque
1108 4379 1180 4423 eum
1202 4357 1285 4421 male
1308 4355 1439 4438 vivitur,
