3172 4962
761 217 822 284 182

217 389 306 456 Sicut
329 391 407 456 dicit
428 389 491 456 Job
514 389 610 458 XII⁰:
642 394 676 458 iu
709 393 849 476 antiquis
880 395 929 456 est
962 392 1119 476 sapientia
1148 396 1181 457 et
1211 391 1245 455 in
1268 390 1367 476 longo

217 502 358 580 tempore
388 495 566 578 prudentia.
620 497 711 562 Unde
742 496 926 582 praeoipitur
956 495 1092 562 Euclea:
1126 518 1191 561 uon
1223 499 1256 560 te
1284 517 1367 580 prue-

218 603 318 665 tereat
341 601 481 664 narratio
497 601 667 680 seniorum,
691 601 752 685 ipsi
775 601 860 666 enim
883 601 1062 666 didicerunt
1085 623 1104 666 a
1125 599 1270 684 patribus
1292 601 1368 664 suis.

219 705 264 770 Ut
287 705 371 768 enim
394 706 441 769 ait
464 705 588 770 Tullius
612 706 650 770 de
673 709 850 772 senectute:
880 727 942 770 nou
966 704 1087 770 viribus
1110 708 1167 770 aut
1189 704 1369 770 velocitati·

194 810 280 874 rbus
302 813 358 874 aut
379 809 545 874 ferocitate
566 811 708 894 corporis
733 831 782 875 res
805 831 928 894 magum
950 813 1123 894 geruntu,
1153 808 1206 874 sed
1237 808 1371 874 oonsilio

220 919 252 978 et
274 913 460 978 maturitate
482 921 515 979 et
537 915 685 992 scientia,
714 916 826 980 dantes
850 917 876 979 ei
900 915 1033 979 consilia
1055 915 1127 998 plus
1149 918 1252 1000 agunt
1273 935 1368 998 quam

220 1017 295 1094 alii,
330 1016 448 1082 similes
472 1023 548 1082 sunt
570 1019 823 1105 gubernantibus
858 1019 891 1082 in
924 1019 1006 1083 navi.
1062 1019 1154 1084 Unde
1187 1017 1370 1104 philosophi

221 1121 293 1207 plus
319 1122 487 1188 valuerunt
514 1124 549 1186 in
573 1123 663 1188 bellis
686 1145 780 1206 quam
813 1123 960 1208 princeps
990 1123 1023 1186 in
1047 1123 1160 1201 armis,
1193 1127 1230 1188 ut
1253 1122 1369 1187 dieitur

221 1226 371 1293 Proverb.
396 1226 536 1292 xxiva
561 1250 631 1292 oum
657 1228 865 1312 dispositione
888 1229 988 1292 initur
1010 1228 1130 1292 bellum
1154 1229 1259 1294 eterit
1275 1227 1369 1306 salus,

184 1357 209 1394 ιο
223 1332 278 1396 ubi
302 1331 404 1396 multa
427 1331 568 1398 consilia.
614 1332 657 1398 Et
687 1338 816 1417 propter
848 1333 908 1398 hoo
931 1331 1112 1398 Alexander
1141 1333 1283 1398 obtinuit
1305 1332 1370 1398 vie·

221 1437 347 1514 toriam,
373 1437 429 1518 qui
451 1437 585 1500 consilio
608 1436 1003 1521 gubernavit'exercitum.
1049 1437 1094 1502 Ut
1116 1437 1270 1503 enimait
1292 1437 1370 1502 Tro-

219 1543 271 1624 jus
295 1540 466 1625 Pompejus
488 1540 522 1605 li.
547 1539 631 1604 111⁰:
662 1539 842 1606 Alexander
865 1563 936 1605 cum
958 1541 997 1605 sd
1020 1541 1230 1625 periculosum
1255 1541 1372 1606 bellum

222 1646 357 1731 eligeret
379 1646 571 1723 exereitum,
597 1667 662 1709 non
682 1647 812 1730 juvenes
837 1647 998 1722 robustos,
1029 1647 1083 1711 sed
1106 1651 1286 1725 veteranos,
1316 1647 1373 1730 qui

224 1739 296 1816 eum
319 1754 410 1835 patre
432 1755 611 1836 patruoque
634 1751 865 1830 militaverunt,
889 1751 996 1836 elegit,
1024 1754 1148 1816 utnon
1170 1755 1238 1818 tam
1253 1752 1372 1816 milites

184 1879 210 1916 rs
226 1879 321 1940 quam
345 1856 516 1942 magistros
539 1855 663 1920 militine
686 1859 823 1940 putaret.
868 1855 989 1920 Milites
1013 1877 1136 1939 quoque
1165 1855 1294 1921 nonnisi
1324 1877 1374 1920 se·

88 1975 92 1984 '
225 1961 413 2047 ragenarios
444 1961 543 2024 duxit.
599 1960 626 2025 Ε
656 1962 816 2027 contrario
845 1961 908 2024 fuit
940 1961 978 2025 de
1006 1962 1146 2026 exercitu
1167 1958 1275 2037 Darii;
1305 1961 1375 2026 ideo

225 2066 281 2130 ille
302 2066 414 2142 victor,
437 2065 489 2130 hio
512 2085 585 2130 vero
609 2067 720 2130 victus.

463 2237 519 2303 De
540 2239 652 2304 lucio
676 2243 717 2303 et
739 2237 964 2318 basilisco,
988 2238 1061 2306 dial.
1086 2243 1137 2304 41.

314 2380 422 2464 Lupus
452 2382 592 2446 marinus
627 2380 659 2444 id
690 2385 738 2445 est
766 2380 867 2444 lucius
897 2379 993 2445 hahet
1025 2381 1059 2442 iu
1089 2378 1220 2446 maxilla
1250 2379 1380 2444 dextera

187 2508 213 2544 ro
226 2487 352 2570 spinam
375 2486 414 2550 ad
438 2488 564 2550 modum
587 2485 689 2550 crucis
720 2488 752 2549 et
783 2485 811 2549 si
833 2485 1003 2572 diligenter
1032 2488 1247 2570 perscrutatus
1267 2484 1377 2564 fueris,

227 2591 367 2655 invenies
390 2613 468 2655 eam.
515 2591 605 2656 Tolle
628 2591 729 2673 ipsam
757 2593 790 2654 et
813 2590 846 2653 in
869 2611 976 2674 panno
991 2589 1076 2655 lineo
1091 2589 1216 2654 involve
1237 2593 1271 2654 et
1284 2592 1380 2674 porta

227 2699 330 2760 tecum
353 2699 385 2758 et
408 2717 471 2760 nou
493 2694 722 2778 captivaberis,
745 2699 778 2759 et
800 2695 828 2758 si
850 2699 961 2778 eaptus
983 2694 1096 2774 fueris,
1120 2715 1184 2758 uon
1208 2691 1376 2758 teneberis.

227 2798 296 2862 Hoo
328 2799 413 2862 enim
448 2799 564 2863 dicitur
597 2821 679 2881 saepe
709 2803 885 2883 expertum.
939 2798 1112 2863 Basiliscus
1143 2817 1245 2884 graece
1277 2797 1379 2862 latine

228 2902 344 2966 dieitur
366 2902 504 2987 regulus,
528 2923 564 2966 eo
587 2903 672 2986 quod
694 2904 746 2982 sit,
774 2906 810 2967 ut
833 2903 910 2968 dicit
933 2903 1083 2982 Isidorus,
1107 2925 1161 2968 rex
1181 2905 1377 2988 serpentum.

189 3035 214 3072 rs
228 3005 337 3090 lpsum
361 3007 446 3070 enim
469 3007 611 3072 videntes
634 3008 765 3094 fugiunt
794 3011 826 3072 et
849 3009 965 3074 timent
993 3010 1089 3073 etiam
1121 3009 1184 3093 ipsi
1206 3011 1379 3092 serpentes,

227 3111 346 3176 olfactu
371 3111 456 3175 enim
478 3133 535 3177 suo
559 3112 644 3196 ipsos
667 3118 769 3191 necat,
792 3112 871 3177 flatu
895 3117 928 3177 et
950 3112 1045 3176 etiam
1068 3115 1198 3196 aspectu
1220 3111 1380 3177 interimit

228 3236 322 3280 omne
343 3215 460 3280 vivum.
506 3217 556 3280 nd
587 3217 653 3300 ejus
685 3217 840 3302 siquidem
872 3221 1034 3302 aspectum
1063 3218 1153 3282 nulla
1184 3218 1251 3283 avis
1279 3216 1380 3282 illaesa

228 3321 357 3400 transit,
381 3328 413 3386 et
435 3322 579 3405 quamvis
598 3322 709 3406 procul
731 3323 838 3401 fuerit,
864 3323 930 3408 ejus
942 3345 995 3410 ore
1019 3323 1183 3388 oomhusta
1199 3323 1380 3389 devoratur.

230 3425 259 3490 A
283 3427 427 3491 mustelis
444 3431 552 3492 tamen
571 3428 721 3506 vincitur,
746 3449 824 3511 quas
841 3427 984 3493 homines
1000 3429 1039 3493 ad
1055 3449 1205 3493 cavernas
1222 3426 1379 3504 deferunt,

190 3559 215 3595 so
230 3533 264 3596 in
296 3532 411 3616 quibus
444 3533 548 3618 reguli
577 3534 777 3598 delitescunt.
823 3532 915 3598 Nihil
944 3533 1029 3597 enim
1060 3532 1129 3597 sine
1157 3532 1295 3598 remedio
1325 3530 1382 3596 ille

230 3659 343 3720 parens
365 3640 508 3702 omnium
531 3638 709 3721 dereliquit.
755 3639 848 3704 Unde
870 3638 937 3701 risu
948 3637 1084 3702 mustela
1102 3637 1268 3702 basiliscus
1282 3636 1379 3721 fugit,

231 3765 322 3825 quem
347 3743 416 3826 ipsa
439 3743 638 3828 persequitur
669 3747 701 3806 et
723 3743 847 3809 occidit.
893 3742 951 3807 Est
979 3747 1084 3808 autem
1116 3742 1150 3805 iu
1180 3741 1382 3826 longitudine

231 3847 449 3931 semipedalis,
482 3848 562 3912 albis
592 3848 724 3913 maculis
747 3847 894 3913 lineatus.
941 3846 1059 3932 Reguli
1088 3845 1173 3910 enim
1196 3850 1274 3910 sunt
1294 3865 1380 3910 seor·

232 3953 342 4036 piones
364 3955 487 4017 arentia
509 3975 641 4038 quaeque
663 3957 834 4031 sectantes,
862 3957 895 4017 et
916 3956 1086 4037 postquam
1108 3950 1147 4015 ad
1171 3971 1285 4033 aquam
1309 3969 1381 4032 per-

193 4058 376 4134 reveniunt,
399 4056 625 4143 hydrophobos
648 4062 680 4122 et
696 4058 908 4143 lymphaticos
919 4057 1051 4122 faciunt.
1097 4055 1283 4118 Intoxicant
1298 4053 1383 4118 enirn

232 4161 317 4243 ipsas
340 4184 437 4246 aquas
461 4167 494 4230 et
515 4163 696 4228 mortiferas
718 4163 855 4227 reddunt
877 4184 938 4229 eas.
985 4161 1125 4226 Vocatur
1147 4159 1233 4224 enim
1254 4157 1383 4244 regulus

233 4267 385 4333 amultis
408 4269 527 4350 sibilis,
561 4294 633 4336 nem
666 4271 760 4336 sibilo
790 4270 924 4350 occidit,
955 4273 1124 4358 antequam
1151 4265 1296 4337 mordeat
1317 4263 1383 4336 sive
