3172 4958
706 333 747 398 to

189 505 344 570 Contra
365 527 450 585 sos,
474 505 542 590 qui
567 504 748 590 gaudent
770 503 929 583 videri,
952 525 1038 570 sum
1061 526 1141 569 non
1164 505 1261 570 sint.

366 680 419 746 De
442 679 699 745 struthione
721 690 763 744 st
785 701 926 758 corvo,
949 701 1015 762 cap.
1042 683 1092 744 22.

244 820 388 887 Struthio
411 821 533 906 positus
555 820 640 884 inter
670 842 759 900 aves,
789 820 857 884 visu
893 819 1023 904 cupidus
1053 818 1106 884 sed
1139 817 1309 883 existentia

155 949 273 992 vacuus
295 926 519 990 ostentationis
541 930 646 1003 vento,
671 947 742 990 mox
767 927 889 992 alarum
913 925 1080 990 altioribus
1096 925 1214 1010 sparsis
1229 923 1308 987 velis

128 1033 201 1096 osio
224 1053 256 1094 se
280 1031 412 1114 majores
434 1031 632 1116 gloriabatur
652 1030 768 1095 habere
790 1053 920 1116 pennas.
966 1029 1024 1094 Oui
1046 1051 1119 1094 aves
1142 1029 1308 1092 dixerunt:

156 1159 256 1202 vanus
279 1135 403 1220 quidem
406 1137 610 1306 tapparentiae
626 1140 744 1216 cortex,
767 1157 858 1221 quem
877 1135 1077 1200 existentias
1069 1157 1101 1198 ιιι
1104 1137 1155 1198 uts
1104 1131 1309 1198 tmedulla

156 1263 222 1307 non
245 1241 421 1325 rteple‚et
443 1245 538 1326 propt
539 1263 573 1306 er
524 1241 702 1306 thoa
677 1263 704 1306 s1
727 1242 848 1306 alarum
873 1240 1055 1304 sublimium
1081 1259 1222 1324 pannosa
1241 1237 1308 1320 jae·
1417 1249 1420 1258 ’

156 1347 262 1412 tantia
284 1368 410 1411 sursum
433 1348 525 1412 eorde
547 1347 672 1428 levaris,
697 1347 950 1412 earumdemt
894 1351 950 1432 pot
952 1350 1006 1410 ent
1009 1347 1039 1410 ia
992 1343 1252 1410 tventilatus'
1240 1363 1307 1426 Jam

156 1473 288 1536 oorfflpme
302 1474 360 1517 nos
380 1453 519 1537 praeoede
541 1453 661 1536 majori.
708 1453 798 1518 Tune
819 1456 892 1538 post
878 1451 1053 1517 tverbum
1083 1449 1148 1514 illis
1176 1446 1306 1511 avolan-

115 1575 143 1612 ¹0
157 1556 245 1622 tibus
269 1577 337 1620 oum
363 1557 556 1641 ipseterrest
556 1558 634 1622 riori
659 1559 739 1624 mole
762 1562 904 1623 maneret
924 1556 1064 1621 tentus
1055 1558 1206 1628 laterna,
1231 1549 1306 1614 sub·

157 1661 265 1725 ridens
288 1684 475 1748 pomposum
497 1664 630 1749 desuper
661 1686 771 1729 corvus
803 1663 1000 1729 clamavite
1002 1659 1136 1724 tdixit:
1170 1655 1310 1720 struthio

157 1766 268 1845 frater,
292 1768 410 1833 ubit
363 1773 410 1833 est
426 1791 601 1854 pennarum
618 1769 775 1853 superbia,
799 1769 855 1834 ubi
871 1767 1025 1834 celsarum
1041 1763 1144 1852 gloria
1159 1761 1306 1827 alarum?

158 1871 223 1937 Cur
245 1895 353 1938 earum
372 1875 439 1958 jam
462 1879 494 1940 te
518 1897 580 1940 non
601 1876 694 1958 juvat
716 1875 884 1940 summitas
912 1877 944 1938 et
973 1875 1065 1937 tanta
1095 1867 1198 1934 cordis
1231 1887 1308 1930 ven-

157 1977 271 2041 tositas
309 2000 374 2042 non
412 1979 563 2044 extollit?
608 1978 655 2044 At
693 1980 747 2045 ille
790 1979 968 2064 respondit:
1007 1975 1158 2041 nimirum
1195 1971 1311 2057 pedum

117 2111 144 2148 m
160 2083 301 2168 gravitas
325 2084 476 2168 impedit,
507 2107 579 2150 cum
608 2085 747 2150 volativa
775 2086 823 2150 vis
845 2084 936 2149 adsit.
983 2081 1042 2146 Oui
1065 2101 1195 2146 corvus:
1227 2080 1259 2141 et
1281 2075 1308 2139 si

158 2188 303 2254 asininus
325 2211 383 2273 pes
404 2189 578 2274 ponderat,
605 2195 641 2255 ut
664 2191 740 2274 quid
763 2190 886 2254 tantilli
909 2187 1022 2272 capitis
1044 2184 1158 2250 levitas
1181 2187 1213 2248 et
1234 2179 1309 2247 ouili

62 2301 69 2310 '
158 2292 322 2378 gracilitas
346 2313 411 2357 non
426 2296 458 2357 te
472 2293 613 2358 levavit?
635 2292 694 2360 Sed
711 2293 786 2378 quia
801 2292 989 2379 apparentia
1010 2294 1043 2355 st
1058 2312 1122 2356 non
1138 2286 1308 2354 existentia

158 2400 209 2462 est
230 2397 264 2462 in
288 2418 390 2476 causa,
418 2397 464 2463 sio
486 2399 634 2485 gloriaris
664 2399 702 2464 de
731 2397 872 2478 sarcina,
903 2397 953 2461 ala
984 2396 1070 2460 enim
1101 2395 1171 2459 sine
1199 2391 1308 2456 volatu

159 2507 208 2568 est
239 2503 346 2568 barda.
393 2502 507 2593 Sextus
538 2505 664 2590 quidem
695 2505 814 2592 digitus
844 2525 973 2568 manum
1004 2499 1103 2566 foedat
1132 2502 1165 2563 et
1195 2494 1246 2562 ala
1275 2499 1307 2558 te

120 2633 146 2672 m
159 2610 281 2688 onerat,
305 2607 375 2672 ideo
397 2607 482 2679 foeda
503 2593 608 2676 res'et
629 2610 754 2678 vanitas
778 2631 909 2675 onerosa
924 2613 974 2673 est
988 2627 1113 2692 pompa.
1145 2599 1309 2668 Nimirum

159 2713 375 2792 ausonidum,
403 2714 486 2798 quod
510 2717 736 2800 conciperist
706 2716 870 2782 stellarum
894 2715 1044 2797 adspectu
1067 2707 1253 2774 micantium
1277 2707 1310 2769 et

159 2839 268 2882 earum
277 2840 321 2882 nu
322 2818 513 2885 tuformaris
515 2825 660 2907 totaque
669 2826 829 2888 structura
836 2825 892 2886 tua
903 2825 992 2886 osten
994 2817 1147 2882 ationem
1154 2812 1309 2898 designat

159 2921 283 2986 Verum
313 2944 377 2988 non
410 2925 544 3006 audisti,
579 2927 656 3011 quid
685 2948 755 2991 mus
787 2924 987 3010 responderit
1017 2922 1113 3007 talpae
1142 2917 1179 2984 de
1211 2915 1310 2982 oeulis

160 3007 330 3112 glorianti,
365 3026 481 3094 habere
503 3030 620 3116 quippe
642 3032 767 3096 oculum
797 3034 829 3096 et
859 3051 922 3094 non
955 3029 1076 3106 visum,
1108 3025 1311 3089 monstruosa

118 3157 146 3196 aa
161 3131 248 3195 caeeit
250 3153 284 3194 as
305 3133 378 3195 asti>
339 3131 492 3198 tSana
514 3134 590 3198 dum
612 3136 714 3221 magis
736 3135 771 3199 in
794 3133 892 3200 oeulis
915 3133 997 3198 adsit
1019 3151 1152 3216 pompa,
1179 3126 1312 3193 tenebra

160 3235 307 3299 tamen'
298 3257 367 3319 ipsa
399 3237 605 3321 profunditur
626 3262 671 3308 aa.
684 3240 806 3305 visione
826 3237 980 3323 privatur.
1026 3233 1183 3302 Similiter
1204 3253 1244 3295 au
1246 3235 1311 3294 tem

160 3341 394 3426 superbientem
417 3365 455 3407 ex
478 3366 554 3410 sexu
577 3347 685 3411 taliter
708 3367 788 3432 equa
811 3344 930 3408 mulum
955 3340 1135 3408 confundit:
1158 3336 1311 3402 nimirum

160 3447 356 3532 apparentia
376 3469 484 3512 sexum
500 3448 607 3530 habes,
631 3452 684 3516 sed
701 3473 786 3516 cares
802 3449 978 3514 existentias
992 3447 1109 3523 fructu,
1132 3438 1312 3508 adulterina

161 3551 382 3636 conjunctione
401 3552 574 3636 plantatus.
620 3554 671 3621 Sic
685 3555 797 3620 orbata
812 3555 919 3619 fructu
941 3551 1137 3639 pompositas
1159 3545 1311 3622 cernitur,

119 3655 239 3740 asquia
259 3659 307 3719 est
328 3677 481 3740 perversas
512 3659 668 3742 superbia
686 3681 821 3744 nequam
838 3658 964 3723 bardus.
1010 3651 1198 3738 Nesoivisti,
1228 3648 1312 3734 quod

161 3760 270 3826 oculus
292 3761 454 3848 speculum
470 3763 606 3843 intuens,
623 3763 702 3828 illud
718 3786 790 3831 cum
806 3764 960 3828 mundum
976 3783 1043 3826 esse
1065 3758 1156 3844 qnasi
1171 3757 1309 3822 alterum

161 3887 195 3931 se
225 3866 389 3948 jactabat,
422 3868 602 3952 respondit:
634 3870 709 3953 quid
747 3869 785 3933 de
822 3867 1010 3954 apparentia
1044 3863 1213 3950 gloriaris?
1250 3858 1312 3924 At-

161 3971 271 4048 touda,
301 3972 384 4055 quod
406 3993 445 4037 ex
466 3972 567 4038 altera
597 3978 688 4058 parte
718 3973 848 4038 inimica
871 3973 933 4038 luoi
955 3969 1112 4056 opacitate
1135 3963 1312 4032 obscuraris

162 4079 195 4142 st
215 4077 283 4144 haeo
304 4076 368 4142 ista
389 4078 544 4144 mentiris.
590 4078 791 4164 Apparentia
820 4078 907 4142 enim
937 4077 1006 4142 sine
1029 4073 1199 4141 existentia
1222 4090 1312 4134 men·

71 4211 78 4221 ·
128 4205 153 4242 u
167 4183 228 4250 dax
250 4187 309 4250 est.
355 4185 477 4264 Quibus
501 4182 618 4250 auditis
640 4173 780 4249 struthio
802 4181 952 4248 confusus
976 4177 1145 4246 obmutuit

199 4389 360 4460 Contra
382 4395 640 4479 apparentes
662 4393 704 4460 et
725 4393 998 4468 eontrarium,
1017 4387 1267 4458 existentes.
