3146 4962
838 299 903 364 202

267 495 323 540 rex
344 471 492 540 alaudem
514 493 584 538 eam
613 472 648 537 in
670 493 765 540 cavea
789 473 979 551 collocaret,
1010 472 1107 558 erepit
1128 475 1303 560 plurimum
1329 494 1423 540 ama·
1563 515 1564 532 η

267 580 363 646 ricari
385 579 495 646 videns
516 599 550 644 se
572 581 698 680 captam
721 583 752 642 at
775 579 810 643 in
833 579 1027 663 potesltate¹
1050 579 1191 645 alterius.
1236 580 1331 648 Unde
1352 599 1422 663 pru

267 684 402 750 tristitia
429 685 462 749 et
491 683 598 749 dolore
627 704 740 766 pamm
774 683 855 749 vixit
889 686 921 749 et
953 683 1081 750 demut
1110 683 1235 751 dicens:
1274 683 1422 750 libertati

268 789 444 872 comparari
466 791 571 873 potest
593 786 641 854 nil
671 809 729 854 nec
749 789 912 856 aestimari.
957 787 1009 855 Sic
1040 789 1126 855 enim
1155 789 1251 856 multi
1278 789 1421 874 loquun-

241 897 322 959 stur
344 894 382 959 de
404 893 561 978 religiosis
583 892 739 960 dieentes:
772 894 826 960 isti
849 894 964 960 fratrm
986 894 1067 960 bene
1088 915 1123 960 se
1144 895 1276 974 habent,
1298 895 1422 979 optime

268 1003 463 1078 satuentur,
489 1002 623 1066 mutent
646 1004 679 1065 et
700 999 771 1064 siue
785 1020 903 1086 magno
925 999 1033 1066 labore
1056 1000 1188 1087 degunt.
1233 998 1329 1066 Unde
1347 1019 1423 1064 aum

267 1104 402 1190 probare
432 1104 563 1182 volunt,
586 1105 749 1170 intuentes
778 1125 812 1171 se
834 1105 892 1170 sub
924 1104 1035 1190 regula
1056 1106 1220 1171 conclusos
1248 1108 1281 1171 et
1302 1105 1338 1169 in
1360 1125 1422 1188 po·

267 1213 384 1277 testate
406 1209 548 1287 alterius,
570 1209 704 1293 poenitet
719 1231 772 1276 eos
795 1230 861 1275 nou
882 1209 1034 1276 habentes
1046 1209 1228 1276 libertatem
1244 1208 1422 1296 propriam.
1552 1224 1558 1248 ··

267 1314 360 1380 Unde
377 1313 607 1400 ¹philosophus:
636 1335 700 1380 non
730 1313 811 1380 bene
831 1336 891 1399 pro
911 1318 982 1381 toto
1004 1315 1135 1382 libertas
1157 1312 1305 1380 venditur
1328 1334 1419 1379 auro.

229 1443 254 1482 ro
268 1419 389 1488 Narrat
418 1416 566 1486 Valerius
592 1419 679 1498 *VI⁰,
714 1420 797 1504 quod
827 1419 1011 1487 Leonidas²
1048 1421 1166 1488 nobilis
1188 1419 1423 1504 Spartanorum

268 1548 340 1592 oum
362 1523 513 1591 trecentis
536 1525 658 1590 civibus
680 1526 837 1611 pugnavit
859 1529 971 1591 contra
992 1525 1129 1592 Xerxem
1144 1525 1176 1604 ⁸,
1205 1546 1313 1608 regem
1340 1523 1424 1590 Per·

267 1651 374 1696 samm
396 1649 455 1714 pro
477 1628 627 1695 libertate
649 1631 762 1715 patriae
792 1635 825 1699 et
845 1629 944 1718 alacri
967 1651 1042 1696 voce
1064 1630 1250 1696 exhortatus
1272 1633 1323 1695 est
1344 1649 1422 1693 snos

268 1735 392 1800 dicens:
415 1732 462 1806 sic
483 1733 637 1817 prandete
670 1734 903 1801 commilitones
921 1735 993 1814 mei,
1017 1739 1182 1819 tamquam
1197 1733 1281 1819 apud
1297 1731 1423 1798 inferos

140 1843 144 1853 “
268 1839 434 1905 ooenaturi.
479 1838 536 1904 (lui
559 1861 668 1905 omnes
690 1840 844 1924 intrepidi
867 1843 1057 1928 paruerunt,
1091 1843 1124 1906 et
1153 1860 1226 1905 cum
1248 1861 1313 1904 non
1336 1842 1425 1904 essct

230 1969 255 2009 re
269 1965 342 2028 spes
364 1943 536 2021 evadendi,
563 1943 610 2009 ita
632 1965 684 2010 cos
705 1945 880 2024 animavit,
904 1946 986 2030 quod
1009 1945 1117 2011 omnia
1139 1945 1298 2030 patienter
1321 1943 1423 2008 susti-

270 2051 383 2112 nerent
413 2047 521 2131 potius
554 2069 650 2132 quam
683 2050 800 2115 servire
834 2049 939 2116 Persis
975 2055 1008 2116 et
1040 2050 1221 2116 libertatem
1256 2047 1422 2133 propriam

270 2151 427 2218 amittere.
472 2151 554 2218 Item
583 2151 681 2219 refert
704 2153 833 2220 Orosius
856 2155 912 2221 lib.
936 2154 1019 2223 V1⁰z
1053 2153 1137 2240 quod
1159 2153 1341 2220 Demetrius
1363 2173 1421 2216 rex

268 2255 366 2322 Ponti
378 2259 410 2323 et
424 2254 596 2337 Armeniae,
620 2280 691 2324 cum
710 2259 867 2326 obsideret
889 2281 961 2326 eum
983 2259 1069 2326 filim
1091 2279 1167 2326 suus
1189 2279 1247 2324 neo
1270 2257 1421 2324 desistere

269 2362 366 2428 vellet
388 2362 428 2428 ab
449 2361 631 2444 obsidione,
664 2364 872 2432 contristatus
902 2365 942 2432 ad
964 2365 1117 2432 interiora
1145 2365 1257 2430 domus
1279 2383 1344 2428 suae
1365 2362 1421 2428 de-
1560 2363 1564 2392 ¹

230 2495 256 2534 ao
271 2467 393 2534 soendit
421 2471 454 2532 et
483 2468 632 2534 omnibus
664 2469 817 2534 uxoribus
839 2469 904 2536 suis
937 2473 970 2534 et
990 2469 1117 2536 filiabus
1145 2472 1178 2534 et
1199 2467 1420 2534 meretricibus

269 2592 424 2638 venenum
448 2570 535 2638 dedit
560 2577 594 2638 et
616 2573 684 2658 ipse
706 2577 816 2658 postea
838 2597 904 2659 pree
926 2573 1145 2659 desperatione
1167 2573 1313 2656 sumpsit
1359 2572 1421 2637 Sed

269 2698 340 2742 oum
363 2698 421 2742 nee
442 2676 552 2742 statim
574 2679 674 2744 vitam
696 2679 814 2760 finiret,
839 2679 962 2746 cuidam
987 2680 1025 2745 de
1048 2678 1194 2744 hostibus
1216 2699 1273 2762 per
1291 2699 1420 2742 murum

269 2782 406 2848 intranti
425 2783 637 2868 jugulandum
660 2805 692 2849 se
721 2784 883 2864 exhibuit,
915 2787 1085 2868 antequam
1107 2782 1254 2848 hostibus
1275 2782 1420 2865 subjace-

268 2891 319 2951 ret
349 2890 382 2951 et
411 2887 576 2970 proprium
606 2888 775 2953 arbitrium
805 2890 976 2954 amitteret.
1030 2887 1113 2954 Item
1145 2887 1242 2954 refert
1277 2886 1419 2964 Orosius,

230 3016 256 3056 aa
270 2991 363 3076 quod,
387 3011 459 3056 cum
474 2991 602 3075 quidem
617 2993 736 3058 obsessi
758 2993 894 3060 fuissent
916 3015 935 3059 a
957 2992 1102 3078 Scipione
1122 2993 1277 3061 Africano
1298 2996 1332 3058 et
1353 2991 1419 3058 Ro-

269 3096 373 3162 manis
394 3103 427 3160 et
452 3095 603 3162 vidissent
625 3119 745 3164 senon
768 3119 859 3182 posse
881 3098 1036 3178 resistere,
1065 3120 1137 3164 cum
1159 3101 1356 3181 caperentur,
1380 3117 1420 3162 ne

269 3200 422 3266 debonis
445 3221 553 3266 eorum
575 3201 752 3287 gauderent
773 3201 922 3281 Romani,
946 3201 1128 3267 clauserunt
1150 3205 1259 3286 portas
1281 3200 1419 3267 civitatis

269 3327 333 3372 suae
356 3311 389 3372 et
411 3328 445 3374 se
465 3328 503 3373 ao
524 3307 632 3372 omnia
653 3329 711 3372 sua
733 3313 765 3372 at
788 3307 896 3374 urbem
913 3307 1060 3372 incendio
1075 3311 1305 3384 cremaverunt,
1328 3311 1419 3372 ante·

270 3431 365 3495 quam
388 3411 534 3478 hostibus
555 3412 738 3478 libertatem
761 3433 856 3496 super
877 3433 912 3478 se
934 3412 1105 3479 traderent.
1152 3410 1286 3498 Legitur
1313 3411 1347 3476 in
1368 3409 1418 3474 hi-

231 3542 256 3581 so
269 3516 378 3582 storiis
400 3516 607 3594 scholasticis,
631 3517 713 3600 quod
737 3521 881 3602 tempore
902 3515 1041 3584 Abrabae
1063 3517 1191 3600 quidam
1212 3537 1269 3582 rex
1293 3515 1419 3582 Babilo·

269 3621 332 3686 nia
353 3621 482 3686 nomine
504 3620 600 3686 Belus
630 3621 750 3686 invasit
772 3619 889 3688 Sirium
920 3621 955 3686 in
988 3621 1095 3704 aliqua
1125 3625 1217 3704 perte
1248 3624 1281 3684 et
1311 3619 1420 3686 stetim

270 3731 413 3791 mortuus
443 3730 499 3791 est.
545 3724 605 3791 Sed
637 3747 716 3790 uror
746 3726 812 3810 ejus
839 3725 1022 3794 Semiramis
1051 3725 1226 3810 cupiditate
1254 3723 1420 3811 regnandi,

270 3835 308 3896 ut
329 3834 435 3915 posset
457 3851 601 3915 regnare,
624 3831 754 3914 proprio
768 3832 835 3896 filio
858 3831 987 3896 nomine
1010 3829 1097 3896 Nino
1119 3830 1247 3914 nupsit,
1272 3829 1328 3912 qui
1349 3832 1422 3913 post

270 3940 373 4002 totam
395 3934 510 4000 Sirium
534 3937 619 4019 oepit
649 3939 682 4000 et
708 3934 786 4000 fecit
807 3935 968 4002 civitatem
990 3955 1140 4021 magnam
1162 3934 1277 4000 itinere
1299 3933 1422 3999 diemm

232 4064 257 4104 ae
271 4043 371 4108 trium
393 4047 426 4107 et
448 4061 506 4106 suo
527 4041 656 4105 nomine
678 4040 766 4106 Nino
789 4041 950 4125 appellata
978 4045 1027 4105 est
1049 4037 1176 4106 Ninive.
1223 4039 1284 4116 Qui
1309 4039 1422 4106 babuit

838 4156 859 4202 ὴ

342 4265 501 4323 lhndere:
528 4264 670 4322 libertate
776 4263 936 4321 Medera:
966 4263 1121 4322 hanonidee
1140 4261 1214 4332 {oder
1237 4261 1420 4322 hitcronides.

272 4358 289 4412 3
309 4354 434 4412 undere:
453 4353 572 4409 Persem.
