3074 4952
726 305 787 366 229

176 473 264 539 Circe
284 475 425 558 turpiter
449 475 555 541 effecti
578 478 662 554 sunt,
685 475 809 552 videat;
841 480 878 540 ut
900 477 1040 541 nnimurn
1065 477 1193 561 adjiciat
1215 479 1254 544 ad
1277 501 1326 544 re-

176 579 387 662 cuperandum
410 601 469 658 ee,
505 601 573 662 quae
604 602 660 662 per
690 581 776 664 ipsos
808 581 914 645 ablata
943 586 1019 646 sunt
1049 587 1081 646 et
1103 583 1212 649 avulsa
1235 585 1326 650 malie

174 683 296 748 artibus
316 685 356 748 ub
379 683 535 768 imperio,
570 688 602 749 et
633 705 717 749 nunc
746 684 921 750 honestiori
951 686 1047 751 titulo
1071 693 1238 754 censentur
1261 711 1327 754 esse

173 787 402 871 patrimonium
427 787 525 852 Petri.
571 787 708 874 Cogitet,
733 790 873 873 inquam,
897 812 933 856 eo
956 812 1022 854 rem
1044 791 1213 875 aliquando
1236 817 1327 878 posse

175 893 296 970 deduci,
328 897 424 976 teque
447 892 566 971 Oaeeur,
594 894 679 959 videt
700 895 760 959 hoc
782 917 873 980 posse
895 917 960 980 prae
983 897 1096 961 ceteris
1119 920 1183 962 non
1206 899 1327 963 incom-

176 999 278 1076 mode,
300 999 356 1082 qui
378 1020 436 1084 per
458 998 586 1064 Italiam
609 1000 727 1084 alioqui
751 1001 815 1064 late
838 999 1020 1066 domineris.

265 1103 306 1168 Et
328 1109 413 1168 certe
435 1125 508 1168 cum
531 1104 574 1168 sit
595 1105 732 1170 ecclesiae
755 1105 920 1182 minister,
952 1109 990 1169 ut
1018 1105 1080 1184 uit,
1111 1105 1257 1190 iniquum
1279 1107 1356 1172 est'

174 1213 209 1274 et
233 1212 326 1294 turpe
349 1213 382 1274 et
403 1213 516 1274 contra
538 1209 635 1274 bonos
657 1231 771 1288 mores,
795 1211 900 1293 ipsum
922 1217 1029 1275 tenere
1052 1211 1206 1288 civitatee,
1230 1233 1326 1290 arces,

172 1313 315 1380 diciones
338 1335 375 1378 nc
398 1314 582 1398 municipis.
617 1313 768 1379 Mediocri
791 1315 920 1379 fortune
942 1315 1035 1380 debet
1058 1337 1125 1379 esse
1148 1319 1326 1392 contentus

172 1423 207 1482 et
229 1416 359 1482 tundem
382 1418 553 1502 oportebit,
576 1422 612 1483 ut
635 1441 672 1484 ex
696 1419 746 1483 his
769 1419 889 1482 duobus
912 1419 1049 1484 alterum
1072 1419 1188 1504 eligat,
1219 1424 1256 1484 ut
1278 1419 1328 1484 vel

170 1543 282 1608 regem
305 1525 338 1588 et
360 1523 526 1607 politicum
549 1523 685 1606 aliquem
709 1523 884 1610 principem
909 1545 942 1588 sc
964 1524 1151 1606 profiteatur
1173 1545 1249 1602 esse,
1278 1525 1325 1589 vel

171 1628 314 1694 eccleeiae
337 1627 531 1691 ministrum.
578 1626 612 1692 Si
635 1628 722 1710 prius
746 1627 825 1691 illud
856 1628 969 1713 eligit,
1003 1629 1143 1693 discedet
1175 1629 1275 1714 igitur
1309 1653 1327 1694 a

170 1732 320 1818 superbis
341 1733 405 1796 illis
428 1737 459 1796 et
481 1732 631 1797 fastuosis
653 1733 778 1812 titulis,
815 1754 879 1796 non
909 1733 1080 1812 obtrudat,
1116 1754 1180 1797 non
1213 1733 1327 1797 vendat

171 1838 245 1902 orbi
269 1858 342 1902 suas
365 1841 398 1901 et
418 1836 605 1902 sanctitates
629 1839 661 1900 ct
684 1836 860 1915 beatitates,
884 1859 948 1902 nou
971 1837 1112 1921 patiatur
1136 1838 1214 1902 alios
1237 1860 1327 1922 reges

172 1943 215 2006 ad
237 1941 339 2025 ipsius
360 1963 465 2028 genua
486 1941 645 2025 prosterni
668 1946 820 2024 tanquam
851 1941 1090 2017 adorabund0s3
1125 1943 1326 2007 contincatur

172 2047 287 2112 iisdem
309 2046 454 2132 legibus,
490 2046 605 2132 quibus
628 2047 683 2110 alii
707 2047 865 2130 principes
888 2067 1016 2123 omnm,
1053 2069 1116 2110 non
1150 2051 1243 2130 putet
1265 2048 1325 2111 sibi

172 2153 347 2237 quicquum
376 2153 470 2217 licere
500 2153 573 2237 plus
604 2173 699 2236 quam
729 2151 821 2228 uliis;
857 2152 1011 2237 poeniteat
1042 2152 1144 2235 ipsum
1175 2156 1327 2217 anteactae

173 2257 387 2342 turpitudinis
409 2261 442 2321 et
463 2257 556 2336 vitus,
587 2255 741 2337 fatentur,
773 2279 792 2320 a
814 2277 848 2320 se
870 2257 998 2341 suisque
1020 2257 1194 2340 majoribus
1218 2257 1326 2320 orbem

174 2368 332 2428 terrarum
356 2383 423 2426 mse
445 2362 692 2426 circumventum
716 2362 856 2440 nefarie,
893 2361 1017 2426 nullum
1040 2383 1130 2446 posse
1154 2361 1327 2447 excogitari

173 2468 368 2552 supplicium
390 2468 468 2532 sutis
491 2470 592 2543 atrox,
616 2471 647 2530 et
667 2466 797 2551 dignum
814 2467 914 2531 tantis
930 2466 1079 2551 flagitiis3
1105 2466 1227 2530 veniam
1251 2487 1326 2550 sup-

173 2574 250 2658 plex
272 2575 378 2656 pent,
409 2575 440 2636 et
469 2571 641 2637 condonari
664 2572 727 2636 sibi
749 2592 865 2637 noxam
888 2571 1012 2656 flagitet
1034 2571 1075 2636 ab
1097 2571 1245 2635 omnibus
1268 2570 1324 2634 ho-

172 2679 299 2744 minnm
322 2675 591 2759 ordi[Vij]nibus;
627 2681 659 2740 et
688 2675 951 2760 quemadmodum
974 2676 1059 2738 ferus
1082 2679 1175 2740 antee
1198 2675 1260 2740 fuit
1290 2697 1326 2740 ac

174 2781 401 2859 intolerabilis,
424 2780 471 2844 itu
492 2780 536 2844 sit
558 2779 704 2864 deinceps
726 2783 909 2845 mansuetus
932 2784 964 2845 et
986 2779 1161 2844 submissus
1183 2784 1215 2844 et
1235 2780 1325 2859 lenis,

743 2902 761 2940 *
863 2937 868 2946 .

170 2989 322 3070 betlisch,
344 3013 416 3055 zum
439 2989 518 3055 theil
541 2989 721 3054 rauberisch
745 2988 876 3066 innhat,
904 2990 969 3054 und
992 2989 1046 3054 der
1069 2989 1200 3054 kirchen
1224 2991 1325 3073 patri-

169 3096 319 3163 monium
342 3097 477 3172 nennet,
508 3095 681 3159 uiderunt
703 3117 743 3159 nn
767 3093 834 3160 sich
858 3094 1009 3178 bringeri,
1038 3094 1104 3158 und
1128 3094 1183 3158 dns
1206 3093 1242 3158 Ε.
1268 3093 1323 3170 M,

170 3203 221 3268 ule
246 3200 359 3266 dicon
383 3199 438 3263 das
461 3199 512 3262 ein
535 3198 720 3283 geweltiger
742 3198 816 3262 herr
839 3197 873 3260 in
898 3196 1014 3261 Italien
1047 3197 1110 3276 ist,
1145 3197 1247 3260 solchs
1277 3197 1327 3261 nit

171 3305 365 3374 schw'drlich
387 3300 537 3370 acernen
563 3303 696 3369 mr'iohtc.

262 3411 356 3476 Denn
380 3411 424 3476 im
447 3411 494 3476 uls
516 3409 619 3474 eincm
641 3408 890 3486 kirchendiener,
914 3409 969 3473 der
992 3408 1060 3472 sich
1082 3408 1142 3472 ruit
1164 3408 1238 3473 kost
1260 3409 1326 3471 und

171 3516 248 3602 [55]
268 3515 390 3580 kleider
412 3515 459 3578 sol
481 3509 625 3599 bendgeu
649 3514 762 3592 lessen,
786 3513 846 3577 wie
868 3513 918 3578 dio
934 3513 1065 3578 Schrifft
1088 3519 1169 3598 segt,
1193 3507 1325 3597 gebdrts

170 3622 234 3698 nit,
257 3620 332 3686 lund
356 3617 421 3683 und
444 3619 512 3682 lent
533 3621 571 3682 zu
593 3619 746 3703 regieren,
771 3617 928 3684 schltsser
949 3618 1014 3683 und
1032 3623 1082 3682 stu
1112 3617 1322 3696 iunzlihubcn,

171 3747 207 3790 ee
231 3724 303 3790 siud
336 3723 604 3807 incompatibilia,
639 3721 711 3788 Und
741 3747 775 3789 er
807 3727 876 3789 mds
899 3722 1024 3788 endlich
1049 3724 1103 3787 dor
1125 3723 1235 3787 zweier
1258 3723 1325 3787 eins

171 3829 266 3908 chun,
282 3827 455 3894 eintweder
469 3828 520 3892 ein
536 3827 710 3892 weltlicher
725 3827 906 3912 regircnder
923 3828 1004 3907 herr,
1021 3828 1095 3892 oder
1111 3827 1161 3892 ein
1178 3827 1325 3892 kirchen-

172 3933 283 3998 dieuer
312 3933 399 4010 sein,
433 3931 499 3997 Des
531 3954 563 3995 er
586 3931 670 3997 diser
691 3933 801 3996 nweier
825 3933 892 3996 eins
915 3933 1002 3996 wtle.
1049 3931 1129 3996 Will
1152 3955 1185 3995 er
1208 3955 1252 3996 nu
1274 3933 1326 3997 cin

171 4037 358 4122 regirender
379 4037 454 4101 herr
476 4035 559 4116 scin,
590 4037 701 4102 deser
724 4038 809 4102 deun
832 4038 882 4102 die
905 4037 978 4102 wclt
1001 4037 1060 4100 mit
1083 4037 1185 4100 sciner
1209 4037 1324 4122 heilig-

172 4141 242 4206 lrcit
263 4143 442 4228 ungeplegt
464 4141 529 4206 und
550 4163 770 4228 unverworren
796 4144 896 4222 lesse,
932 4142 987 4206 des
1020 4165 1054 4206 er
1085 4142 1152 4206 sich
1176 4143 1243 4207 halt
1266 4145 1325 4208 wie

172 4247 290 4310 undere
312 4247 514 4312 Poteututen.
559 4247 639 4312 Will
661 4271 696 4312 cr
718 4249 793 4314 aber
815 4249 867 4313 ein
889 4247 1131 4312 kirchendiencr
1154 4248 1237 4326 sein,
1269 4247 1325 4312 das

175 4371 210 4416 er
233 4350 317 4416 deun
340 4352 540 4436 demjhenen,
562 4375 597 4418 so
621 4353 676 4420 dee
701 4355 835 4420 schwcrt
858 4375 920 4420 von
945 4353 1007 4417 Get
1033 4352 1156 4418 befolen
1179 4353 1240 4430 ist,
1260 4353 1325 4426 ⁴den
