3172 4962
838 332 899 396 192

292 508 469 589 peratorem
493 503 522 570 ei
545 502 627 568 dona
648 501 789 583 ferendo,
811 505 847 566 ut
869 502 958 568 decet
980 504 1145 570 dominum
1168 525 1283 569 meum.
1329 502 1372 568 Et
1392 504 1448 567 in-

292 609 381 674 venit
411 607 514 692 primo
545 607 739 672 Centaurum
773 643 812 654 -
848 606 1025 672 Centaurus
1060 613 1110 673 est
1139 607 1275 686 animal,
1309 607 1448 672 iuferius

293 735 401 798 equus,
423 712 568 797 superius
591 711 696 790 homo,
720 710 811 776 velox
833 711 868 776 in
890 733 983 777 cursu
1005 717 1043 778 ut
1065 734 1164 797 equus
1187 749 1228 760 -
1252 712 1365 776 deinde
1387 735 1445 776 ur·

292 841 381 896 sum,
412 839 506 902 snper
536 838 629 901 quem
652 816 733 881 sedit
764 820 798 881 et
820 817 949 883 donavit
972 817 1059 903 ipsos
1083 817 1268 902 imperatori
1287 839 1329 880 ex
1352 821 1447 900 perte

266 923 412 988 rdomiui
435 923 494 987 sui.
539 919 597 986 cui
630 922 802 1006 imperator
833 923 1013 988 transmisit
1041 922 1143 988 multa
1170 922 1253 987 dona
1275 921 1447 1008 ipsumque
1569 987 1570 1008 ἦ

291 1027 382 1092 valde
405 1027 528 1093 ditavit.
575 1024 696 1091 Deinde
718 1030 836 1113 gnatus
859 1027 953 1091 finxit
974 1048 1008 1091 se
1031 1049 1097 1091 esse
1120 1030 1282 1091 mortuum
1313 1029 1347 1091 et
1368 1047 1445 1110 pro·

293 1133 381 1198 bavit
409 1137 534 1218 patrem
564 1153 656 1197 suum
687 1131 874 1215 invenitque
905 1131 995 1197 illum
1034 1152 1099 1196 nou
1129 1135 1292 1196 curantem
1327 1131 1365 1195 de
1399 1152 1444 1208 se,
1569 1163 1570 1166 ¹

290 1259 349 1323 pro
380 1258 442 1322 quo
473 1259 544 1303 eum
575 1237 747 1322 plurimum
784 1236 984 1321 vituperavit.
1039 1236 1132 1302 Unde
1155 1235 1344 1322 Gregorius:
1377 1257 1444 1300 non

292 1343 478 1428 estdignus
501 1342 623 1421 dandis,
647 1342 790 1426 quinon
813 1342 882 1428 egit
903 1342 1024 1429 gratias
1047 1342 1085 1408 de
1108 1341 1200 1406 datis.
1246 1339 1289 1407 Et
1311 1340 1441 1428 Augus·
1486 1417 1494 1426 ,
1568 1389 1570 1410 t

252 1466 278 1504 10
292 1449 398 1514 tinus:
421 1448 504 1532 quod
526 1448 612 1514 Deus
635 1446 764 1513 dederat
785 1448 897 1532 gratis,
922 1447 999 1512 tulit
1021 1447 1158 1532 ingratis
1173 1448 1195 1512 ¹.
1569 1469 1570 1494 i

291 1622 912 1707 Deaquilaetavibusetleone
935 1623 1087 1688 etaliis
1104 1622 1273 1700 bestiis,
1297 1621 1371 1686 dial.
1388 1625 1440 1688 49.
1568 1619 1570 1646 ³

379 1763 497 1846 Aquila
519 1783 590 1828 cum
612 1763 723 1827 avibus
746 1761 864 1826 vallata
893 1766 926 1826 et
948 1765 1172 1828 castrametata
1194 1760 1229 1825 in
1253 1760 1438 1846 campestri·
1569 1781 1570 1790 ¹

291 1869 350 1933 bus
372 1890 443 1933 cum
465 1866 611 1932 leonibus
634 1871 666 1930 et
688 1867 799 1931 bestiis
815 1865 1031 1951 proeliabatur.
1079 1867 1228 1946 Quotidie
1244 1868 1328 1932 euim
1344 1866 1438 1931 simul

290 1971 521 2039 conveniebant
544 1972 582 2035 ad
606 1975 763 2036 certamen
794 1976 826 2036 et
856 1993 893 2036 ex
925 1977 1058 2056 utraque
1091 1976 1181 2056 parte
1209 1973 1438 2038 concurrebant
1569 1965 1570 1970 ’

253 2093 279 2132 1⁵
292 2077 396 2141 multi.
442 2077 568 2142 Interea
590 2077 699 2161 vulpes
722 2078 802 2141 clam
825 2077 949 2145 vocavit
971 2077 1175 2142 hirundinem
1198 2077 1324 2142 dicens:
1347 2076 1438 2142 modo

290 2185 340 2246 est
369 2186 495 2267 tempus
533 2203 591 2246 uos
622 2180 815 2260 redimendi,
853 2203 1021 2264 possumus
1054 2182 1139 2246 enim
1172 2182 1210 2247 de
1243 2181 1439 2266 principibus

290 2286 408 2352 nostris
432 2285 536 2350 videre
557 2286 747 2364 vindictam,
772 2287 828 2371 qui
851 2285 942 2351 uobis
955 2285 1170 2365 dominantur,
1193 2307 1326 2370 agamus
1347 2306 1438 2371 saga-

290 2392 386 2472 citer,
416 2391 500 2476 quod
532 2390 594 2475 ipsi
623 2391 719 2455 simul
750 2391 939 2474 proelientur
962 2412 1058 2474 seque
1079 2393 1250 2476 perimant.
1296 2390 1366 2456 Hoc
1389 2390 1438 2454 hi·

290 2497 392 2563 rundo
415 2496 516 2562 facere
540 2497 699 2562 consensit
727 2496 819 2560 etad
843 2496 984 2580 aquilam
1013 2497 1192 2562 convolavit
1214 2517 1345 2580 eamque
1369 2496 1438 2579 plu·

251 2619 277 2658 ²⁰
290 2603 408 2668 rimum
431 2600 647 2685 magnificavit
669 2600 790 2666 dicens:
814 2605 850 2665 tu
873 2623 905 2666 es
927 2601 1039 2686 regina
1061 2601 1167 2666 avium
1190 2594 1222 2666 ct
1241 2600 1437 2686 imperatrix,

209 2701 211 2706 ’
291 2707 319 2772 si
340 2707 503 2773 attendere
526 2707 573 2772 vis
596 2706 734 2771 consiliis
757 2708 853 2784 meis,
876 2707 938 2772 eris
961 2705 1058 2772 ctiam
1081 2707 1227 2792 princeps
1251 2711 1284 2770 et
1307 2706 1370 2770 dux
1391 2705 1438 2770 fe·

291 2833 407 2877 rarum.
454 2809 621 2876 consensit
644 2810 751 2896 aquila
773 2817 806 2877 et
828 2813 975 2896 promisit
996 2813 1142 2877 consulta
1160 2817 1277 2890 tenere,
1300 2810 1438 2874 hirundo

290 2923 397 2983 autem
424 2915 546 2981 rediens
576 2915 615 2980 ad
645 2918 771 3001 vulpem
801 2939 873 2983 cum
904 2918 973 3002 ipsa
1005 2921 1037 2982 et
1067 2939 1139 2982 cum
1166 2917 1238 2982 aliis
1267 2915 1437 2992 ordinavit,

246 3077 248 3080 .
290 3021 374 3106 quod
397 3020 504 3105 aquila
525 3021 620 3086 simul
643 3043 714 3088 cum
737 3022 827 3087 leone
850 3022 1030 3100 dimicaret,
1058 3022 1184 3104 etquis
1207 3042 1314 3085 eorum
1337 3019 1439 3112 victor

251 3142 277 3181 ’ὓ
291 3130 382 3206 esset,
404 3126 551 3210 princeps
581 3130 614 3191 et
643 3127 707 3191 dux
737 3131 819 3192 esset
850 3127 954 3192 avium
981 3132 1014 3191 ct
1035 3127 1183 3192 ferarum.
1229 3126 1310 3192 Cum
1332 3129 1437 3189 autem

290 3233 324 3297 in
347 3253 448 3318 egone
470 3233 707 3310 contenderent,
731 3231 777 3297 ait
800 3231 920 3315 aquila:
945 3252 964 3296 o
987 3229 1138 3296 nobilitas
1154 3229 1291 3309 leonina,
1315 3229 1439 3294 sibene

288 3340 501 3423 prospexeris,
525 3337 645 3403 seducti
667 3358 775 3400 sumus
797 3359 817 3401 a
839 3336 928 3400 falsis
951 3335 1157 3413 consiliariis,
1181 3336 1243 3420 ipsi
1266 3338 1438 3420 peroptant

289 3447 439 3508 anostro
462 3442 603 3507 dominio
626 3441 772 3520 liberari,
806 3445 973 3526 propterea
1007 3461 1064 3504 nos
1086 3441 1125 3504 cd
1150 3439 1334 3506 certandum
1357 3439 1438 3503 inci·

288 3553 447 3626 taverunt,
470 3552 554 3612 certe
577 3545 690 3610 melius
712 3549 776 3624 est,
805 3549 842 3608 ut
873 3545 1054 3609 dominetur
1081 3545 1217 3627 quilibet
1238 3543 1346 3629 generi
1370 3565 1436 3620 suo,

250 3665 275 3705 ⁸⁰
289 3674 384 3736 quam
407 3675 464 3718 nos
487 3673 543 3736 per
564 3651 693 3716 fallaces
717 3650 879 3735 perimere.
926 3649 995 3716 Hoc
1025 3653 1128 3716 autem
1162 3649 1296 3715 credidit
1325 3650 1374 3714 leo
1407 3653 1439 3714 et

289 3758 444 3842 pacificati
468 3762 544 3822 sunt
566 3755 661 3820 simul
684 3756 842 3820 dicentes:
867 3760 943 3821 sunt
958 3756 1060 3839 iniqui
1076 3755 1254 3821 seductores
1272 3753 1347 3819 falsi
1362 3776 1436 3819 con·

289 3863 453 3929 siliatores.
500 3862 640 3928 Ceveant
667 3883 742 3947 ergo
765 3863 924 3946 principes
947 3884 966 3926 a
989 3860 1127 3937 talibus,
1159 3881 1199 3923 ne
1227 3859 1292 3924 cito
1314 3881 1347 3923 se
1370 3881 1437 3923 mo-

288 3975 385 4034 veant
408 3967 447 4032 ad
469 3966 566 4032 verba
588 3966 780 4049 compositu,
811 3967 886 4051 quia
907 3965 1002 4030 multi
1023 3965 1202 4030 seductores
1225 3963 1435 4048 reperiuntur.

289 4072 346 4137 Ait
368 4073 452 4138 enim
476 4071 612 4138 Seneca:
636 4073 674 4136 ad
698 4092 764 4136 rem
780 4071 934 4135 movearis
957 4075 989 4134 et
1009 4091 1073 4134 non
1089 4069 1128 4133 ud
1145 4069 1239 4134 verba
1253 4069 1435 4152 composita

249 4191 274 4230 ⁸⁶
288 4175 419 4244 Servare
442 4178 526 4242 euim
549 4199 583 4242 se
605 4177 698 4242 debet
720 4177 855 4260 quilibet
875 4197 912 4240 ac
935 4195 1121 4259 precavere,
1144 4195 1185 4238 ue
1207 4197 1227 4238 a
1248 4171 1338 4238 falsis
1362 4194 1437 4238 con·

853 4297 871 4334 *

362 4403 374 4456 l
393 4399 514 4456 Frtihare
533 4419 612 4473 ansg.
631 4400 721 4457 lesen:
739 4400 879 4472 ingratus.
