3146 4962
824 286 889 350 208

278 455 392 522 stands
412 455 616 542 exspectabat
637 456 801 540 promissa
847 455 907 524 Sed
938 458 1112 524 nicticorax
1145 459 1185 524 ad
1207 461 1307 528 solem
1344 461 1445 526 exire

278 582 342 626 non
365 561 501 640 audens,
531 565 663 647 propter
693 561 778 645 quod
801 561 883 628 nihil
905 562 1060 647 prospicit
1090 562 1124 629 in
1147 563 1217 644 die,
1242 587 1308 632 non
1333 567 1443 632 venit.

278 664 326 732 De
354 687 417 751 quo
439 666 553 732 alaude
580 666 767 750 perturbate
795 665 899 750 ipsum
921 688 1045 752 semper
1067 668 1235 735 abborruit
1259 676 1293 738 et
1321 693 1444 756 perse-

278 774 378 857 quuta
409 777 466 838 est.
512 769 581 847 Qus
612 771 650 836 ds
681 792 774 836 causa
800 793 865 836 non
896 771 1015 837 audens
1045 777 1162 840 noctua
1188 775 1227 840 de
1249 776 1300 842 die
1321 776 1444 842 volare

251 877 392 946 etimore
413 875 551 955 alands,
581 876 618 940 de
646 879 738 940 noete
760 897 833 940 vero
855 875 943 940 volat
974 881 1007 942 et
1029 877 1134 944 cibum
1157 880 1219 945 sibi
1240 882 1360 965 quoerit
1384 882 1442 946 di·

276 1003 365 1048 cens:
389 983 495 1048 nullus
518 981 611 1047 debet
633 979 801 1060 affirmare,
825 980 909 1065 qnod
922 1004 986 1046 non
1005 987 1110 1067 potest
1127 991 1320 1070 perpetrare,
1337 987 1439 1052 ideo·

277 1109 339 1172 que
359 1088 530 1154 cavendnm
554 1090 612 1164 est,
636 1108 676 1150 ne
698 1086 776 1169 quid
798 1086 1031 1169 promittamus,
1055 1089 1140 1173 qnod
1161 1090 1205 1156 sit
1217 1091 1440 1176 impossibile,

276 1213 316 1257 ne
339 1194 503 1258 mendaces
526 1177 729 1275 reperiamur.
774 1188 808 1255 Si
837 1190 898 1255 tibi
925 1190 1008 1257 forta
1030 1212 1095 1257 non
1119 1194 1224 1278 placet
1245 1198 1349 1262 amieo
1374 1220 1439 1283 pe-

276 1298 338 1365 tita
360 1298 563 1383 promittere,
595 1317 658 1360 non
681 1296 851 1381 promittes
878 1301 1009 1382 propter
1031 1301 1251 1368 verecundiam
1275 1303 1437 1388 negandi,

236 1434 263 1476 aa
276 1406 352 1491 quia
374 1405 451 1470 dicit
473 1402 700 1488 philosophus:
731 1402 918 1469 verecundie
947 1403 1084 1490 negandi
1106 1427 1195 1485 cesa,
1227 1429 1267 1472 ne
1288 1407 1351 1472 tibi
1377 1409 1435 1472 in-

274 1617 382 1683 leriter
404 1621 549 1702 negetur.
598 1613 719 1680 Tamen
751 1614 845 1679 multi
875 1619 1005 1699 propter
1034 1615 1214 1682 libertatem
1246 1618 1346 1682 animi
1371 1640 1432 1684 re-

274 1721 488 1786 recnndantur
510 1720 612 1805 petita
634 1719 801 1805 abnegare.
846 1719 948 1784 Proui
978 1720 1017 1785 de
1042 1721 1191 1786 libertate
1221 1722 1288 1788 Titi
1320 1723 1430 1807 impe-

273 1827 388 1893 ratoris
411 1826 563 1891 scribitur
584 1825 619 1888 in
642 1823 748 1890 Gestis
770 1824 996 1904 Romanorum,
1021 1826 1104 1910 quod
1126 1827 1195 1911 ipse
1217 1828 1278 1893 sibi
1301 1831 1427 1894 eonsti-

235 1957 261 1996 1s
275 1935 381 1997 tuerat
393 1931 415 2010 ²,
438 1953 479 1996 ne
493 1929 691 1995 accedentem
708 1929 746 1994 nd
762 1952 796 1996 se
811 1931 992 2014 postulandi
1008 1932 1112 2016 gratie
1128 1933 1197 1998 sine
1212 1956 1267 2019 spe
1282 1934 1426 2000 habendi

273 2037 465 2114 dimitteret,
497 2040 530 2100 et
552 2035 826 2120 interrogantibus
848 2036 957 2102 amicis
981 2038 1064 2116 suis,
1094 2059 1149 2103 cur
1171 2039 1265 2123 plura
1288 2039 1423 2124 pollice-

273 2146 371 2222 retur,
395 2162 489 2226 quam
511 2145 619 2206 tenere
649 2145 774 2224 posset,
803 2142 984 2227 respondit:
1009 2143 1096 2222 ideo,
1129 2143 1204 2227 quie
1230 2167 1296 2212 non
1324 2168 1422 2232 opor·

272 2253 321 2314 tet
342 2269 532 2333 quemquam
554 2266 730 2312 asermone
745 2247 900 2331 principis
915 2247 1040 2313 tristem
1056 2246 1222 2314 discedere.
1267 2247 1350 2314 Item
1373 2252 1423 2316 le·

272 2354 361 2440 gitur
383 2353 421 2419 de
443 2353 581 2438 Trajano
603 2353 638 2417 in
661 2351 766 2418 Gestis
788 2352 1015 2432 Romanorum,
1038 2354 1132 2437 qnod,
1156 2375 1228 2419 cum
1248 2360 1423 2440 arguerent

233 2478 258 2518 2⁰
272 2482 344 2526 eum
367 2459 476 2538 amici,
511 2458 595 2543 quod
617 2459 651 2522 in
674 2481 782 2524 omnes
804 2459 900 2538 ultra,
924 2482 1018 2544 quam
1041 2459 1263 2543 imperatorem
1288 2462 1424 2541 deceret,

271 2572 354 2634 esset
375 2565 562 2643 eommunis,
584 2565 704 2630 scilicet
726 2565 765 2630 de
786 2565 1062 2632 condescendendo
1072 2565 1227 2644 omnibus,
1255 2568 1423 2652 respondit
1555 2580 1556 2593 ¹

271 2671 445 2756 'Prejsnus‚
476 2693 510 2736 se
532 2669 612 2735 velle
634 2691 702 2735 esse
723 2671 763 2736 ad
785 2691 894 2736 omnes
916 2673 1032 2750 talem,
1056 2671 1181 2757 qualem
1204 2672 1338 2756 quisque
1360 2694 1423 2758 op·

269 2779 371 2841 tasset
393 2797 466 2840 eum
484 2774 636 2839 invenire.

417 2967 472 3034 Da
493 2967 814 3034 enudetremule
835 2971 875 3032 et
896 2967 1088 3046 fasiano,
1111 2967 1185 3036 dial.
1210 2973 1261 3035 65.

228 3127 254 3170 ss
355 3107 597 3174 Gaudetremuln
618 3107 735 3173 dicitur
756 3107 797 3172 sb
819 3107 942 3186 effectu,
967 3107 1041 3191 quin
1063 3107 1194 3174 caudam
1220 3109 1256 3173 in
1281 3113 1421 3180 nemore

267 3236 389 3299 sempor
410 3212 515 3280 babet.
562 3211 639 3276 Haec
653 3211 693 3276 ad
707 3211 864 3276 fasianum
880 3210 1020 3295 perrexit
1036 3211 1158 3277 dicens:
1185 3236 1292 3298 quare,
1308 3217 1418 3298 miser,

268 3340 333 3383 non
357 3317 456 3404 tergis
479 3317 585 3382 oculos
609 3319 696 3394 tuos,
727 3315 782 3378 sed
804 3314 996 3400 lacrymosos
1018 3315 1104 3400 ipsos
1126 3319 1291 3386 ostendis?
1320 3321 1419 3388 foetor

266 3423 429 3488 oculorum
452 3426 580 3486 tuorum
602 3425 634 3486 te
656 3421 762 3486 reddit
783 3421 1053 3486 abhominabilem
1069 3419 1093 3486 ⁹.
1140 3423 1293 3490 Fasianus
1309 3432 1417 3495 autem

266 3528 453 3612 indignatus
475 3524 653 3610 respondit:
676 3546 742 3589 non
765 3525 985 3591 verecundaris
1008 3527 1153 3607 demens,
1185 3530 1260 3614 quia
1282 3534 1418 3600 minima

226 3651 253 3692 ao
266 3655 299 3698 es
321 3637 353 3697 et
375 3633 520 3717 abjecte?
551 3631 658 3696 Habes
691 3630 776 3696 enim
801 3631 933 3698 caudam
955 3631 1155 3715 paraliticem
1177 3640 1209 3701 et
1231 3640 1416 3705 tremebun-

262 3739 351 3817 dam,
383 3742 416 3803 et
444 3739 492 3803 ris
523 3742 559 3803 tu
581 3737 777 3822 distinguere
805 3737 885 3802 vitia
907 3759 991 3817 mea,
1024 3740 1102 3805 rede
1124 3740 1213 3825 prius
1234 3747 1267 3806 st
1290 3747 1416 3832 corrige

262 3845 342 3908 vitia
363 3847 419 3908 tna
440 3847 474 3907 et
495 3847 572 3907 tunc
593 3842 655 3906 eris
671 3865 743 3908 mes
757 3844 920 3908 creatura!
944 3841 1188 3911 Gaudetrsmula
1202 3845 1262 3912 hoc
1284 3849 1415 3914 audiens

262 3949 389 4014 erubuit
411 3953 535 4014 etcum
557 3948 741 4014 confusions
762 3969 887 4014 reversa
914 3953 964 4014 est
986 3949 1108 4016 dicens:
1137 3951 1226 4037 prius
1258 3951 1351 4018 debet
1380 3975 1415 4019 se

264 4075 416 4140 purgare,
447 4054 503 4138 qui
526 4054 662 4119 altorum
685 4053 755 4118 vult
777 4054 936 4119 damnare.
981 4051 1035 4120 Sic
1056 4055 1153 4122 etiam
1174 4057 1325 4123 nonnulli
1347 4080 1412 4123 non
1477 4095 1483 4106 ·

828 4173 847 4216 s

335 4279 349 4333 1
369 4277 491 4336 Prdbere
509 4295 587 4349 ausg.
606 4277 699 4335 lesen:
716 4279 791 4350 qnod
808 4279 950 4336 statuerat
968 4311 1004 4324 -·
1021 4280 1223 4340 dimitteretur.
1264 4284 1282 4340 2
1300 4283 1411 4342 Andsre

262 4365 423 4438 unriabtig:
444 4365 659 4424 abborrabilem
