3146 4962
823 307 888 370 226

280 481 325 556 ut,
350 479 475 563 quando
498 480 559 542 iret
580 483 700 556 cattus,
729 481 877 545 audirent
899 503 1087 565 campanam
1109 505 1215 548 mures
1244 489 1279 548 et
1299 485 1439 550 abscou-

280 585 391 648 derent
413 605 455 648 se.
501 583 606 648 Affuit
636 585 733 650 etiam
767 586 852 650 inter
874 607 927 652 eos
957 609 1039 652 uuus
1067 588 1140 654 aliis
1162 589 1356 672 sapientior,
1380 590 1441 673 qui

280 689 376 754 dixit:
399 693 475 766 1111,
499 690 582 773 quod
606 711 759 776 campana
781 691 825 756 sit
847 692 947 771 iacta,
979 694 1050 776 quis
1073 697 1212 759 vestrum
1240 700 1342 777 ponet
1365 717 1439 760 earn

280 794 320 859 ad
343 793 458 860 collum
481 796 570 878 ejus?
599 795 735 861 Etcum
759 817 822 861 non
839 797 1046 876 inveniretur,
1071 801 1142 882 quis
1165 799 1260 864 vellet
1282 821 1355 864 eam
1378 821 1440 883 po-

253 921 355 967 suere
376 900 415 964 ad
438 899 555 965 collum
578 902 667 979 catti,
691 901 885 966 destiterunt
906 904 948 968 ab
971 904 1115 988 inceptis.

279 1075 336 1140 De
357 1074 505 1154 milvo,
536 1077 606 1160 qni
637 1077 808 1162 decepit
841 1077 983 1161 pullos
1005 1078 1218 1162 cujusdam
1242 1080 1438 1146 cornicis

778 1182 851 1248 dial.
877 1186 929 1246 81.
1329 1191 1333 1198 ’

365 1321 504 1400 Milvus,
536 1326 573 1386 ut
594 1322 672 1386 dicit
702 1322 858 1400 Isidorus,
892 1326 941 1387 est
971 1323 1039 1386 avis
1068 1345 1169 1408 prope
1198 1323 1437 1410 magnitudinis

279 1428 402 1512 aquilea,
426 1450 565 1514 ungues,
590 1422 685 1512 pedes
708 1433 741 1492 et
762 1433 902 1492 rostrum
926 1429 966 1492 ed
989 1427 1117 1494 modum
1139 1430 1300 1515 accipitris
1323 1428 1435 1504 habet,

240 1563 266 1600 11
279 1534 334 1598 sed
356 1555 466 1598 curvas
489 1539 521 1597 et
544 1555 609 1597 non
631 1538 733 1598 rectas
755 1535 837 1599 sicut
860 1533 1011 1617 accipiter
1034 1534 1100 1599 elas
1123 1535 1230 1612 habet,
1255 1533 1435 1599 111111111-
1545 1552 1553 1573 ·

278 1660 351 1703 men
374 1639 494 1703 viribus
517 1644 549 1703 et
571 1638 678 1704 volatu
700 1640 903 1723 rapacissima
925 1639 1022 1722 pullis
1039 1640 1220 1705 domesticis
1240 1639 1434 1712 insidiatur;

278 1745 362 1809 circa
383 1743 515 1809 macella
537 1744 671 1824 excubat
693 1748 726 1808 11
742 1745 901 1809 cadavera.
940 1743 1083 1809 Plinius:
1118 1745 1234 1810 milvus
1256 1745 1361 1810 audax
1384 1748 1434 1808 est

278 1852 313 1914 in
335 1851 451 1936 parvis,
475 1850 605 1914 timidus
628 1850 663 1913 in
685 1851 821 1936 mugnis,
846 1849 945 1914 aniso
961 1849 1102 1935 fugatur,
1121 1850 1267 1934 quamvis
1282 1850 1317 1914 in
1332 1848 1433 1933 duplo

278 1958 379 2039 major
400 1957 443 2020 sit
466 1955 531 2020 illo.
577 1954 655 2033 Hic,
680 1956 756 2039 qnia
778 1979 878 2040 rapax
901 1961 967 2035 111,
1003 1958 1087 2040 cepit
1114 1957 1218 2041 pullos
1248 1955 1368 2020 ornicis
1400 1959 1433 2019 ct

239 2062 430 2138 1111111111,
453 2061 491 2125 de
514 2083 577 2144 quo
599 2061 693 2126 ornix
715 2062 888 2146 plurimum
913 2061 1112 2127 inflammata
1134 2083 1299 2145 nunquam
1322 2061 1352 2125 ei
1374 2081 1431 2142 pe-

277 2167 389 2251 percit,
413 2167 466 2230 sed
489 2165 637 2231 aemulata
659 2171 708 2232 est
730 2190 801 2232 eum
826 2189 883 2252 pro
899 2168 1028 2232 viribus.
1062 2167 1204 2253 Longius
1228 2171 1335 2232 autem
1357 2169 1433 2250 post

278 2272 393 2337 milvus
419 2276 625 2355 compunctus
647 2273 772 2336 veniam
794 2273 908 2357 peciit,
938 2293 1055 2357 rogans
1086 2293 1142 2356 per
1171 2294 1204 2336 se
1232 2277 1265 2335 et
1297 2271 1432 2336 nuntios

278 2379 396 2443 multos
419 2377 481 2441 sibi
502 2377 672 2462 indulgeri,
696 2377 780 2460 qnod
802 2377 937 2455 fecerat,
960 2378 1014 2441 sed
1037 2378 1130 2442 ornix
1153 2378 1303 2442 indurata
1324 2377 1432 2441 noluit

277 2483 422 2550 misereri
443 2503 500 2548 nec
523 2483 648 2546 veniam
671 2481 720 2546 illi
744 2481 818 2546 dare
841 2482 962 2547 dicens:
988 2505 1153 2567 nunquam
1175 2485 1248 2547 viva
1269 2481 1330 2546 tibi
1354 2503 1431 2566 par·

237 2611 264 2650 so
278 2613 346 2656 cam
369 2611 471 2672 neque
493 2592 618 2652 mortua
650 2588 684 2650 in
707 2587 811 2652 archa.
856 2586 908 2652 Sic
938 2589 1022 2652 euim
1054 2589 1149 2654 multi
1181 2588 1321 2653 indurati
1345 2608 1433 2651 nun·

167 2735 174 2748 ·
278 2719 372 2780 quam
403 2694 529 2762 veniam
560 2693 683 2777 petenti
713 2694 837 2758 veniam
871 2694 1029 2760 tribuunt.
1088 2693 1207 2759 Contra
1240 2715 1319 2779 quos
1351 2692 1433 2757 dicit

278 2801 416 2865 salvator
437 2799 539 2866 Math.
564 2797 644 2862 W:
667 2797 695 2860 si
718 2819 781 2861 non
806 2798 992 2864 dimiseritis
1015 2800 1200 2865 hominibus
1223 2803 1352 2884 peccata
1376 2819 1432 2863 eo·

277 2929 359 2984 rum,
391 2927 450 2971 nec
473 2909 563 2990 pater
585 2906 689 2968 vester
711 2904 854 2968 dimittet
875 2905 964 2969 vobis
989 2911 1118 2989 peccata
1140 2909 1253 2970 vestra.
1300 2908 1432 2989 Augus·

277 3012 385 3076 tinus:
417 3010 632 3094 unusquisque
654 3007 752 3072 111111
774 3007 1009 3094 indulgentiam
1032 3014 1216 3095 accepturus
1238 3014 1287 3074 est
1310 3032 1329 3074 a
1350 3007 1431 3087 Deo,

239 3137 265 3174 2⁶
279 3117 404 3201 qualem
436 3120 468 3181 et
499 3117 567 3199 ipse
589 3113 710 3178 dederit
740 3115 884 3198 proximo
913 3135 979 3179 suo.
1025 3115 1118 3180 Unde
1140 3115 1224 3182 Eocl.
1247 3113 1431 3180 XXVIIP:
1554 3129 1555 3170 3

277 3223 422 3305 relinque
445 3221 589 3306 proximo
612 3223 668 3282 tuo
691 3218 818 3283 nocenti
842 3219 903 3284 tibi
926 3223 958 3283 et
981 3223 1058 3284 tuno
1081 3221 1263 3305 deprecanti
1277 3219 1339 3284 tibi
1355 3241 1431 3303 peo-

277 3332 348 3394 oate
370 3329 542 3392 solventur.
587 3324 645 3389 Ait
668 3324 885 3409 Augustinus,
909 3325 993 3409 quod
1015 3347 1079 3392 non
1103 3327 1205 3392 solum
1229 3325 1432 3391 obliviscitur

277 3433 403 3517 sapiens
425 3432 635 3517 injuriarum,
668 3429 733 3494 imo
763 3434 860 3514 negat
891 3453 923 3494 se
946 3431 1079 3514 injurias
1101 3432 1281 3516 suscepisse.
1328 3429 1432 3495 Prout

277 3538 323 3602 111
345 3536 462 3603 Seneca
484 3536 567 3601 libro
591 3535 628 3599 de
643 3535 823 3599 constantie
839 3537 992 3620 sapientis
1007 3536 1189 3620 inquirens:
1214 3537 1339 3621 sapiens
1354 3557 1429 3620 per·
1554 3617 1555 3622 ἵ

237 3662 262 3699 so
277 3642 387 3707 cussus‘
407 3642 547 3725 colaphis
571 3641 647 3724 quid
669 3639 791 3704 faciet?
812 3639 1006 3724 Respondit:
1029 3642 1105 3724 quid
1128 3641 1203 3707 fecit
1221 3641 1333 3720 011111,
1356 3661 1429 3705 cum

277 3748 326 3812 illi
358 3768 393 3812 os
417 3767 597 3831 percussum
621 3747 726 3810 esset?
761 3767 823 3809 non
848 3746 1027 3824 exaudivit,
1060 3767 1125 3811 non
1148 3746 1322 3812 vindicavit
1342 3744 1429 3827 inju-

276 3854 367 3930 riam,
392 3874 457 3917 non
480 3851 602 3916 remisit
617 3855 754 3927 1111111,
779 3849 832 3914 sed
849 3851 969 3914 factum
984 3850 1082 3915 fuisse
1097 3851 1160 3916 sibi
1173 3853 1312 3936 negavit.
1358 3849 1430 3913 Hoo

276 3959 362 4022 eninr
390 3957 492 4022 visum
521 3957 584 4021 fuit
612 3956 674 4020 sibi
707 3956 873 4021 honestius
902 3957 986 4021 inter
1009 3957 1081 4023 alia.
1127 3956 1210 4022 Item
1231 3955 1350 4021 Sene'oa
1370 3953 1426 4017 lib.

276 4061 344 4126 1Πο
368 4062 406 4126 de
427 4062 476 4127 111
498 4062 536 4126 de
557 4059 702 4140 Socrate,
726 4061 821 4146 quod,
846 4084 917 4127 cum
939 4063 1001 4126 iret
1023 4085 1079 4147 per
1100 4063 1263 4128 civitatem
1291 4065 1324 4126 et
1346 4062 1428 4124 esset

236 4185 262 4224 ⁸⁶
276 4167 408 4251 colapho
431 4189 614 4251 percussus,
646 4167 728 4232 nihil
759 4167 896 4251 amplius
926 4169 1043 4234 dixisse
1073 4167 1191 4246 fertur,
1225 4188 1321 4250 quam
1342 4163 1426 4248 quod

275 4271 444 4336 molestum
467 4277 567 4350 esset,
599 4272 683 4355 quod
705 4273 863 4337 nescirent
886 4273 1046 4354 homines,
1078 4274 1204 4357 quando
1234 4294 1306 4337 cum
1335 4269 1426 4355 galea

276 4374 326 4440 vel
349 4377 418 4442 sine
439 4378 531 4463 galea
552 4378 680 4462 prodire
706 4378 865 4444 deberent.
912 4377 994 4444 Item
1025 4379 1134 4444 eodem
1165 4379 1247 4447 libro
1276 4378 1425 4442 narratur
