3172 4958
708 331 749 394 99

156 497 259 583 igitur
280 495 483 562 liberalitatis
505 497 692 566 beneficium
714 521 779 566 non
802 505 851 568 est
874 523 982 569 aarum
1003 504 1057 570 sed
1088 504 1210 582 carius,
1245 525 1311 570 non

157 607 208 668 est
228 601 331 686 majus
359 602 413 668 sed
446 602 639 683 maximum,
671 627 772 689 neque
805 610 932 673 lautum
961 609 1015 674 sed
1046 613 1152 676 totum
1181 609 1311 676 bonum.

158 708 230 787 Quo
253 707 362 772 audito
382 708 536 792 magister
557 710 705 776 veritatis
727 710 873 779 obticuit.

156 914 456 996 Proverbium‚
481 917 861 1001 quodbeneficium
878 921 1313 989 liberalisdebetesse

605 1029 865 1111 perpetuum.

380 1195 433 1262 De
454 1195 648 1265 Danubio
671 1203 711 1265 et
732 1219 922 1284 aquare,
945 1221 1014 1286 oap.
1041 1203 1093 1267 23.

246 1332 376 1419 Semper
398 1333 568 1399 inundanti
589 1334 739 1402 Danubio
753 1335 800 1401 sic
814 1337 954 1404 locutum
971 1341 1020 1402 est
1035 1357 1159 1421 aequor:
1184 1337 1311 1420 quando

157 1441 223 1504 cua
255 1440 448 1505 manationis
479 1438 613 1506 cessabit
644 1439 804 1524 impetus?
837 1441 970 1521 Quando
999 1441 1226 1507 terminabitur
1258 1441 1310 1506 in·

157 1542 286 1608 fluxus?
309 1541 609 1638 Quousquolatices
632 1541 745 1607 dabis?
768 1543 814 1608 At
837 1544 892 1609 ille
915 1567 1026 1629 parum
1049 1544 1238 1628 indignatus
1259 1565 1311 1608 re-

116 1647 309 1731 rospondit:
333 1647 413 1714 bene
435 1645 573 1731 loqueris
597 1646 680 1712 siout
701 1668 797 1726 mare,
821 1649 896 1732 quia
918 1649 1026 1716 omnia
1043 1649 1164 1716 fluenta
1178 1648 1312 1714 insatia-

159 1751 268 1818 biliter
290 1751 405 1837 recipis
429 1771 486 1818 nec
508 1755 615 1817 tamen
634 1751 721 1836 juste
743 1753 888 1828 crevistir
918 1753 1070 1818 nimirum
1093 1757 1170 1818 tunc
1193 1751 1310 1818 libera·

158 1857 261 1924 litatis
283 1877 361 1922 mem
383 1855 519 1922 cessabit
540 1856 688 1936 influxus,
713 1879 785 1924 cum
800 1857 993 1924 insatiabilis
1008 1865 1072 1922 tuoe
1086 1857 1313 1926 terminabitur

159 1961 331 2047 appetitus.
376 1959 451 2028 Non
474 1961 560 2026 enim
582 1960 687 2026 minor
708 1963 758 2026 est
779 1962 926 2028 valetudo
950 1963 1079 2028 virtutis
1103 1985 1198 2046 quam
1214 1963 1310 2026 vitio·

159 2065 266 2132 sitatis
288 2065 421 2132 defectio
448 2069 481 2130 et
503 2069 634 2150 propter
655 2065 724 2146 hoc,
748 2065 829 2144 sicut
851 2067 1021 2150 cupiditati
1043 2066 1126 2132 nihil
1148 2067 1227 2133 satis
1250 2071 1308 2144 est,

117 2197 146 2237 ra
161 2171 209 2236 ita
230 2170 416 2237 liberalitati
439 2169 546 2236 nullus
568 2175 616 2235 est
639 2169 722 2236 linis.
768 2169 936 2254 Responde
959 2170 1049 2248 mihi,
1073 2171 1249 2254 quomodo¹
1274 2191 1312 2234 er

161 2297 241 2360 quo,
271 2278 402 2361 propter
427 2275 509 2359 quod
533 2277 564 2339 et
588 2274 664 2358 quid
687 2275 801 2341 tribuit
823 2275 988 2340 liberalis?
1017 2274 1136 2342 Nonne
1158 2297 1197 2340 ox
1219 2273 1313 2340 ineli-

159 2380 291 2446 natione
312 2379 441 2444 virtutis
464 2384 614 2463 praestat,
645 2380 768 2446 ratione
791 2379 1010 2446 delectationis
1033 2380 1155 2458 donat,
1189 2379 1314 2445 rationo

160 2484 367 2551 dilectionis¹
397 2505 431 2549 se
459 2488 563 2550 totum
593 2485 829 2551 communicat?
866 2483 1022 2560 Quoniam
1062 2483 1163 2570 igitur
1201 2485 1312 2564 virtus,

160 2587 423 2676 quemadmodum
437 2593 552 2655 natura
563 2589 652 2654 illam
668 2590 813 2668 inclinat,
830 2611 953 2674 semper
965 2589 1090 2675 peragit
1099 2610 1158 2654 nec
1169 2609 1310 2672 unquam

119 2718 147 2758 so
161 2695 286 2762 exsistit
302 2694 412 2761 otiosa.
451 2693 543 2760 Unde
557 2715 682 2778 semper
704 2694 835 2760 humilis
858 2694 1031 2760 inclinatus
1050 2695 1235 2779 jactasset,
1259 2693 1311 2758 in-

161 2821 286 2880 nocens,
309 2804 423 2877 rectus,
447 2798 636 2874 misericors.
660 2801 807 2883 prudens,
831 2800 913 2882 pius,
936 2799 1088 2876 liberalis,
1117 2797 1310 2864 beneficialis

161 2909 194 2970 et
215 2904 373 2990 profusus.
400 2903 568 2978 ¹Similiter
591 2927 681 2970 verus
697 2926 786 2971 amor
802 2908 852 2970 est
874 2905 943 2970 eine
964 2905 1038 2982 fine,
1064 2905 1180 2969 caritas
1203 2906 1310 2968 autem

161 3031 326 3094 nunquam
348 3009 488 3087 excedit,
519 3015 552 3074 et
579 3010 635 3094 qui
657 3011 776 3076 amicus
799 3014 857 3088 est,
881 3014 1034 3095 perpetuo
1057 3009 1174 3094 diligit.
1220 3007 1313 3074 Unde

161 3115 218 3200 qni
240 3136 279 3180 ex
309 3113 477 3179 dilectione
505 3113 661 3200 largitur,
691 3137 854 3200 nunquam
886 3137 905 3178 a
934 3114 1103 3179 dilectione
1126 3113 1313 3191 retrahitur,

120 3239 148 3280 aa
162 3219 226 3286 nisi
247 3219 374 3284 dilectio
395 3217 536 3284 finiatur.
583 3217 741 3303 Operatur
764 3220 850 3284 enim
873 3239 1120 3303 marmagne,
1145 3218 1173 3282 si
1196 3222 1261 3295 ar,
1285 3216 1313 3282 si

161 3327 267 3390 antem
290 3323 408 3388 desinit
429 3324 572 3407 operari,
601 3344 691 3389 amor
720 3345 784 3388 non
812 3327 869 3388 est.
915 3321 1069 3388 Attamen
1091 3343 1312 3405 necunquam

161 3428 267 3494 delicit
289 3427 475 3493 beneficium
499 3428 623 3494 liberali
645 3427 684 3492 ad
701 3427 850 3504 dandum,
873 3449 944 3492 cum
960 3427 1004 3491 sit
1018 3427 1136 3492 virtute
1159 3431 1192 3490 et
1206 3446 1314 3491 amore

161 3531 345 3599 ditissimus.
390 3531 513 3616 Nempe
535 3533 562 3597 ai
585 3533 691 3598 deficit
713 3533 865 3617 pecunia,
896 3533 984 3598 adest
1011 3533 1143 3617 lingua,
1176 3529 1315 3594 sideest

161 3659 288 3718 census,
321 3638 409 3702 admt
430 3659 561 3716 manns,
586 3639 613 3703 ai
636 3642 685 3702 est
707 3638 869 3703 cellarium
893 3657 1046 3710 vacuum,
1078 3657 1143 3700 non
1166 3639 1216 3700 cst
1237 3656 1313 3700 con·

121 3762 148 3801 ³⁰
161 3742 271 3808 silium
293 3743 496 3808 diminutum.
542 3741 716 3826 Nunquam
738 3742 894 3826 siquidem
916 3743 1032 3806 desunt
1053 3740 1167 3806 virtuti
1183 3739 1311 3805 divitiae.

161 3845 237 3914 Non
260 3869 335 3935 ergo
359 3847 483 3913 deficiat
496 3847 638 3914 virtuosa
661 3848 819 3924 voluntas,
844 3844 1006 3929 quianon
1029 3845 1130 3911 deerit
1151 3843 1315 3910 fructuosa

161 3953 305 4020 facultas.
355 3953 511 4033 Attende,
542 3973 666 4037 quaeso,
701 3951 784 4035 quod
817 3954 977 4035 perpetuae
997 3954 1074 4015 sunt
1099 3950 1314 4014 emanationes

161 4058 385 4125 beneficiorum
407 4059 548 4125 liberalis
572 4062 706 4123 naturae.
751 4055 867 4122 Nonne
900 4056 1014 4122 coelum
1046 4055 1157 4120 vitales
1179 4055 1314 4119 virtutes

162 4184 287 4248 semper
298 4163 500 4229 inferioribus
515 4163 641 4228 influit?
665 4159 719 4226 Sol
735 4165 887 4265 perpetuo
902 4160 1009 4224 lumen
1026 4159 1135 4224 fundit
1149 4164 1181 4226 et
1189 4180 1313 4242 semper

729 4281 747 4320 *

234 4390 248 4444 l
267 4385 378 4442 Andsre
395 4385 472 4440 lesan
490 4385 627 4442 schleclrt:
646 4383 852 4442 delectationis.
928 4443 932 4450 ,

1062 4469 1104 4538 7*
