3082 4938
118 551 343 618 tentissimorum
367 571 483 636 regum
505 550 604 617 animi
626 549 878 617 reconcilientur.
908 549 960 616 Ita
981 551 1135 633 futurum,
1157 559 1193 620 ut
1211 557 1244 620 et

120 657 272 724 Turocrom
293 657 434 742 impetus
457 655 637 740 rejiciatur,
660 662 693 722 et
714 656 847 722 haereses
868 657 1096 744 profligentur,
1119 664 1152 726 et
1173 660 1243 726 orbi

112 763 235 846 pristina
254 784 309 828 sna
329 761 439 827 redeat
463 763 688 846 tranquillitas.
736 763 904 840 Quodnam
925 763 1010 829 istud
1038 769 1101 843 est,
1126 787 1240 850 quaeso¹

109 867 312 952 paradoxum?
347 871 423 947 aut,
459 889 515 933 cur
546 869 591 932 sio
620 867 754 934 invertit
775 889 881 932 rerum
903 868 1069 934 ordinem?
1113 869 1241 936 Nostris

108 972 222 1055 quidem
243 971 436 1038 factionibus
459 977 492 1038 et
506 972 587 1038 odiis
602 975 745 1039 crocitet
760 973 988 1058 amplificatum
1003 980 1052 1040 est
1067 975 1241 1042 'Itrrcarum

106 1077 270 1162 imperium.
300 1079 372 1146 Hac
393 1080 480 1144 enim
502 1079 624 1144 ratione
645 1083 678 1145 et
694 1077 847 1146 Graeciam
863 1084 895 1146 et
910 1077 1041 1166 Epirum
1058 1084 1090 1146 et
1106 1079 1240 1165 Mysiam

105 1185 259 1268 utramque
278 1189 403 1262 tenent,
428 1183 628 1270 Hungariam
651 1205 775 1269 quoque
804 1185 941 1264 interea,
974 1185 1049 1249 dum
1073 1185 1106 1248 in
1132 1187 1241 1250 nostra

104 1289 159 1376 ipsi
181 1291 294 1356 viscera
317 1311 517 1374 grassamur,
549 1295 751 1375 occupamnt.
776 1289 828 1380 xSi
849 1291 916 1374 jam
938 1292 1108 1376 penetrant
1130 1289 1179 1354 vel
1206 1289 1238 1354 in

103 1395 255 1460 Andriam
278 1399 312 1460 et
334 1395 404 1460 loca
426 1395 530 1461 vicina
551 1395 601 1460 vel
620 1394 807 1474 irritatum,
832 1395 913 1460 nihil
927 1399 1042 1479 praeter
1056 1394 1239 1479 opinionem

103 1499 223 1578 indunt,
245 1501 299 1585 qui
326 1505 360 1564 et
382 1504 476 1565 antea
497 1499 559 1564 sibi
581 1499 663 1564 viam
688 1499 914 1585 patefecerunt,
937 1503 969 1564 et
991 1519 1048 1564 noe
1071 1499 1117 1562 ita
1131 1498 1240 1563 vident

103 1605 258 1690 impeditos
278 1605 429 1670 civilibus
450 1604 552 1684 malis,
575 1607 614 1668 ut
635 1604 687 1670 vix
707 1601 712 1690 Ι
731 1625 814 1692 aegre
835 1604 990 1688 possimus
1012 1603 1138 1668 obviam
1160 1603 1239 1689 ipsis

104 1731 268 1794 properare.
305 1709 393 1776 Vera
406 1713 484 1774 sunt
498 1709 569 1786 ista,
592 1708 646 1774 sed
661 1729 725 1773 non
741 1714 790 1774 est
812 1709 863 1774 hio
884 1709 1130 1786 consistendum,
1152 1708 1240 1774 velut

103 1813 137 1878 ad
156 1813 275 1880 fontem
297 1818 335 1879 et
350 1815 506 1900 originem
522 1813 609 1893 meli,
632 1813 715 1879 sicut
730 1813 785 1879 ille
800 1811 885 1891 iacit,
907 1814 1038 1879 omnino
1052 1814 1239 1880 veteratorie

102 1923 131 1983 et
148 1921 303 1988 insidime.
337 1919 505 1996 Turoicum
527 1919 664 1984 furorem
689 1921 722 1984 et
744 1917 896 2003 postremi
919 1919 1071 2002 temporis
1085 1920 1239 1984 maximas

101 2024 273 2092 acerbitates
298 2025 558 2109 praenuntiarunt
579 2045 674 2090 saorae
696 2023 826 2101 litterae3
860 2024 973 2090 harum
1004 2045 1075 2090 vero
1105 2025 1235 2090 catami-

102 2133 195 2196 totum
227 2129 370 2196 efficiens
400 2151 494 2195 caiisa
522 2151 588 2194 non
619 2133 667 2194 est
695 2129 815 2194 bellum
848 2128 975 2212 aliquod
1008 2133 1153 2194 nostrum
1186 2129 1238 2192 in-

102 2236 253 2314 testinum,
275 2235 335 2302 sed
357 2235 417 2300 hoo
438 2236 542 2319 ipsum
564 2235 683 2300 bellum
707 2234 866 2300 numerari
888 2234 981 2300 debet
999 2234 1084 2298 inter
1099 2233 1237 2311 effectus,

103 2341 230 2426 aliasque
258 2342 383 2419 clades,
418 2340 533 2425 quibus
563 2339 671 2406 aDeo
692 2340 902 2407 verberamur.
949 2340 1027 2417 ouae
1059 2337 1102 2402 sit
1132 2339 1237 2402 autem

102 2445 187 2530 hujus
206 2451 302 2512 tantae
329 2445 385 2510 irre
407 2448 440 2510 et
454 2445 635 2511 offensionis
651 2445 766 2511 divina
781 2466 883 2524 causa,
906 2440 1163 2530 inuestigandum
1179 2444 1236 2507 est.

177 2551 252 2616 dum
273 2551 379 2638 igitur
401 2550 509 2616 onmia
531 2551 702 2636 diligenter
723 2549 1019 2634 perquisiverimus‚
1043 2550 1129 2614 certo
1151 2567 1237 2612 oom-

100 2656 257 2739 periemus,
287 2655 394 2722 Deum
423 2657 512 2722 nulla
539 2678 573 2721 re
600 2661 766 2741 tantopere
798 2656 915 2721 offendi
938 2677 1034 2740 quom
1057 2652 1238 2719 idololatria

100 2762 236 2826 etrerbi
263 2764 315 2828 sui
346 2764 541 2846 contemptu.
585 2761 691 2828 Nimis
725 2761 810 2826 enim
838 2760 941 2826 multa
969 2764 1046 2826 sunt
1073 2759 1238 2842 scripturae

100 2866 278 2947 testimonia,
302 2868 423 2952 quibus
444 2867 504 2932 hoc
524 2867 688 2951 probatur,
715 2873 747 2932 et
768 2867 853 2932 solue
876 2864 1069 2932 israeliticus
1091 2863 1236 2948 populos,

100 2971 129 3036 in
149 2971 292 3057 Assyrios
317 2977 351 3036 et
373 2971 566 3057 Babylonios
582 2973 745 3050 abductus,
769 2973 892 3038 illustre
909 2971 999 3036 nobis
1014 2970 1236 3036 documentum

100 3077 232 3161 prebuit
278 3075 343 3143 Hic
366 3080 415 3142 est
436 3076 491 3144 ille
513 3079 599 3156 sons,
634 3101 726 3163 quem
749 3077 956 3162 requirimus,
989 3075 1048 3140 hoc
1080 3077 1175 3159 caput
1204 3074 1237 3135 et

100 3201 178 3267 seges
194 3181 339 3248 omnium
370 3181 658 3258 incommodorum
692 3181 743 3246 hio
772 3169 1004 3246 immorandum
1033 3181 1101 3256 est,
1136 3194 1238 3256 neque

99 3283 215 3370 lougius
238 3285 514 3372 progrediendum.
546 3281 619 3350 Jam
634 3307 707 3350 vero
722 3285 856 3350 Turcica
877 3285 990 3363 rabies,
1014 3304 1077 3368 quo
1099 3281 1237 3366 primum

101 3389 229 3472 tempore
252 3389 409 3474 coepitio
432 3391 548 3454 nostris
570 3389 688 3456 finibus
709 3390 871 3476 grassari?
915 3389 1016 3468 Certe,
1044 3389 1106 3480 qud
1128 3403 1237 3469 super·

653 3564 671 3603 a

102 3701 303 3785 tmpuissans
325 3707 439 3790 soyent
461 3705 660 3784 reconcilier,
692 3705 770 3770 dont
799 3703 947 3769 aviendre
978 3725 1037 3785 que
1059 3701 1103 3766 les
1125 3721 1238 3764 assaux

99 3804 147 3870 des
168 3807 265 3874 Toros
288 3814 399 3874 seront
421 3810 584 3888 reboutez‚
608 3810 653 3875 les
675 3809 812 3875 heresies
835 3808 994 3891 rejecisse,
1017 3811 1050 3870 et
1071 3805 1100 3870 le
1123 3804 1237 3868 monde

99 3911 185 3976 remis
206 3935 244 3978 eu
267 3935 304 3978 sa
325 3915 481 3998 premiere
503 3914 702 3999 tranquillite
724 3919 755 3980 et
777 3913 877 3998 repds.

654 4089 672 4129 *

28 4223 31 4234 '
101 4221 193 4290 doctos
219 4253 294 4316 moy
317 4230 487 4316 poderoeos
509 4231 627 4316 Reyes‚
661 4257 682 4318 y
712 4255 773 4316 que
802 4232 889 4296 desta
919 4251 1047 4296 manera
1076 4251 1110 4293 ss
1140 4226 1238 4312 podra

103 4329 216 4400 ebone
238 4337 266 4401 el
291 4337 415 4420 impetu
437 4337 488 4402 del
503 4337 614 4418 Turno,
637 4363 658 4424 y
681 4339 870 4403 desterrsrse
892 4337 938 4402 las
960 4334 1115 4420 heregiaa
1137 4332 1237 4416 yassi

102 4435 218 4505 tomara
240 4440 269 4505 el
292 4441 413 4505 mundo
436 4462 456 4507 a
477 4443 509 4507 la
529 4443 744 4530 tranquilidad
766 4465 805 4508 sn
829 4464 890 4530 que
911 4441 990 4506 solia
1011 4443 1105 4506 ester.
