3172 4962
860 303 924 368 188

314 473 371 539 riis
393 494 426 538 so
449 475 594 558 exposuit
622 475 806 540 uitandum
837 475 996 562 poenitens
1028 476 1061 542 in
1084 476 1220 561 quodam
1243 477 1414 562 sepulchro
1436 500 1473 544 se

314 579 496 680 maoqavit.
542 578 641 656 Quem
664 581 819 646 demones
836 585 1031 666 temptantes
1046 583 1280 670 promittebant
1295 584 1324 648 ei
1338 583 1473 650 divitias

314 687 346 747 et
362 686 474 747 sooria.
520 682 571 747 ad
587 683 736 750 ultimum
752 706 825 749 vero
841 685 1086 752 verberaverunt
1109 707 1180 751 eum
1205 708 1304 770 usque
1327 687 1369 752 ad
1385 707 1473 753 mor·

314 792 388 852 tem.
434 786 575 872 Cumque
597 789 768 854 immobilis
799 795 832 854 et
854 790 889 854 in
910 789 987 855 fletu
1011 795 1222 876 permaneret,
1250 791 1473 858 clamaverunt

289 892 491 958 edaemones:
515 893 630 971 vioisti,
653 895 820 972 monache,
849 894 972 960 vicisti!
1007 899 1040 960 et
1060 896 1233 982 lugierunt
1278 895 1340 962 Ille
1362 901 1473 964 autem

314 998 459 1083 cogitans
483 1019 591 1062 eorum
613 999 768 1063 malitiam
792 1004 824 1063 et
845 999 1046 1082 iniquitatem
1068 1001 1251 1085 proposuit:
1276 1003 1387 1086 potius
1405 1003 1471 1068 rel-

316 1101 376 1165 lem
408 1102 488 1167 mori
517 1125 612 1186 quum
645 1102 839 1168 doemonibus
870 1104 1005 1171 obedire.
1051 1103 1094 1170 Et
1116 1109 1193 1172 tuno
1217 1106 1308 1190 quasi
1335 1109 1473 1195 angelus

194 1211 195 1216 ’
315 1204 376 1272 Dei
398 1211 539 1273 mutatus
563 1212 611 1273 est
634 1209 672 1273 ad
696 1209 874 1293 exemplum
898 1207 1083 1277 multorum.

516 1380 572 1447 De
594 1382 793 1466 earpione
816 1386 856 1446 et
879 1383 1089 1464 trimallo,
1114 1385 1187 1450 dial.
1212 1386 1264 1450 46.

277 1538 302 1576 ιο
404 1521 509 1586 Pisoes
538 1521 680 1587 fluviales
713 1521 746 1586 in
779 1523 915 1606 quadam
947 1522 1151 1590 solemnitate
1179 1527 1253 1609 post
1285 1526 1474 1590 convivium

317 1626 412 1690 simul
434 1627 657 1710 spatiabantur
680 1627 714 1691 in
737 1648 854 1713 magna
877 1629 1112 1712 tranquillitate
1135 1633 1168 1694 et
1183 1650 1268 1714 poue,
1292 1629 1346 1694 sed
1362 1631 1474 1714 earpio

318 1731 479 1797 inchoavit
510 1730 627 1796 festum
661 1733 847 1817 perturbare
876 1753 910 1798 se
941 1733 1092 1820 erigendo
1128 1737 1161 1798 et
1191 1733 1339 1800 dioendo:
1375 1757 1474 1820 super

318 1858 427 1902 omnes
450 1837 566 1923 dignus
589 1859 659 1902 sum
683 1859 741 1924 ego
771 1837 912 1917 laudari,
946 1839 1020 1922 quia
1049 1861 1122 1904 earo
1153 1859 1223 1904 mes
1253 1839 1341 1904 ultra
1374 1862 1473 1924 quam

319 1942 381 2008 dici
402 1946 524 2026 potest,
555 1946 604 2007 est
626 1943 832 2009 aromatizata
854 1947 886 2008 et
908 1944 1061 2023 delibata,
1093 1966 1157 2009 non
1182 1965 1241 2031 ego
1264 1944 1417 2010 infossis
1440 1951 1474 2010 st

283 2032 490 2132 rapaludibus
512 2047 639 2112 nutrior
660 2047 727 2112 sire
749 2050 890 2134 stagnis,
927 2049 981 2113 sed
1004 2049 1038 2112 in
1069 2049 1140 2114 laou
1171 2069 1296 2134 magnae
1327 2048 1471 2115 Gardae¹

317 2150 469 2217 educatus
492 2173 573 2230 sum,
597 2155 727 2236 propter
751 2153 835 2237 quod
858 2153 955 2218 debeo
978 2154 1065 2219 inter
1087 2175 1142 2219 vos
1164 2154 1349 2240 principari.
1396 2155 1470 2220 Tri-

318 2256 433 2322 mallus
454 2256 552 2341 pisois
575 2261 624 2323 est
646 2277 761 2322 nornen
784 2257 904 2322 habens
927 2279 965 2323 ex
993 2259 1080 2324 flore.
1128 2257 1262 2324 'limus'
1295 2259 1382 2324 enim
1414 2259 1471 2324 llos

318 2361 515 2447 appellatur,
539 2367 571 2427 et
592 2362 645 2427 hio
668 2363 762 2447 piscis
786 2363 928 2428 mannus
951 2369 1016 2443 est,
1040 2368 1076 2429 ut
1098 2363 1177 2428 dicit
1197 2363 1357 2442 Isidorus,
1388 2365 1471 2429 libro

318 2466 438 2532 Etbim.
462 2466 543 2532 ΧΙΙ0
573 2471 606 2533 et
637 2489 708 2532 oum
739 2468 782 2532 sit
812 2468 914 2552 speeie
947 2471 1059 2554 gratus
1092 2473 1124 2534 et
1158 2489 1269 2552 sapore
1298 2472 1471 2555 jucundus,

279 2595 304 2634 ao
318 2576 424 2638 tamen
448 2573 531 2638 siout
552 2573 610 2638 flos
632 2572 757 2658 fragrat
780 2576 813 2638 et
835 2594 964 2658 oorpore
985 2574 1112 2638 odorem
1139 2574 1250 2659 spirat.
1296 2574 1359 2641 Hie
1375 2577 1472 2661 piscis

317 2678 377 2744 hoo
399 2678 529 2743 audiens
551 2678 738 2763 indignatus
762 2678 931 2762 prosiliens
953 2677 1018 2743 ait:
1048 2700 1113 2743 non
1143 2684 1191 2744 est
1220 2681 1282 2760 ita,
1314 2686 1351 2747 ut
1382 2682 1471 2761 dicis,

318 2785 393 2868 quia
415 2804 475 2870 ego
498 2783 584 2848 ultra
606 2788 639 2848 te
661 2782 759 2848 rutilo
782 2783 817 2847 in
840 2783 934 2848 odore
957 2787 989 2847 et
1012 2805 1143 2868 sapore,
1167 2785 1239 2870 quis
1261 2790 1367 2870 potest
1391 2788 1473 2852 mibi

276 2939 277 2942 η
318 2889 512 2954 assimilari?
534 2888 595 2966 Qui
617 2910 670 2954 me
691 2888 859 2966 invenerit,
882 2888 1067 2955 thesaurum
1092 2888 1204 2968 habet3
1232 2891 1259 2954 si
1282 2894 1317 2956 tu
1341 2892 1376 2956 in
1399 2892 1472 2958 locu

320 2991 432 3059 Gardae
455 2995 677 3060 tantummodo
700 2993 850 3071 moraris,
874 3013 933 3078 ego
955 2996 991 3059 in
1013 2993 1162 3078 spatiosis
1184 2994 1386 3060 fluminibus!
1419 2995 1473 3062 Sis

280 3116 305 3156 π
319 3100 404 3165 inter
427 3123 478 3166 eos
508 3101 581 3167 lites
612 3105 644 3166 et
674 3099 893 3165 eontentiones
924 3103 1031 3178 erant,
1069 3104 1263 3185 quapropter
1293 3101 1411 3165 festum
1435 3102 1470 3166 in

318 3206 534 3272 turbationem
543 3216 668 3270 versum
682 3209 738 3283 est,
755 3204 1045 3288 quoniamquidem
1060 3204 1210 3270 fovebant
1223 3209 1349 3288 partem
1363 3207 1470 3284 unius,

319 3313 447 3396 quidam
470 3315 594 3397 partem
616 3309 765 3389 alterius,
782 3310 830 3375 its
853 3309 935 3394 quod
959 3309 1109 3374 volebant
1131 3331 1166 3375 se
1188 3309 1283 3375 simul
1306 3309 1469 3376 dilaniare

319 3417 446 3483 Interea
468 3420 556 3482 truta
579 3416 674 3502 pisois
706 3418 754 3480 est
781 3414 908 3499 quidam
933 3434 1055 3497 semper
1079 3417 1183 3478 motus
1206 3415 1244 3479 ad
1269 3415 1469 3481 trudendum.

319 3523 396 3589 Haeo
418 3543 493 3608 ergo
525 3525 632 3600 truta,
665 3521 740 3606 quia
763 3520 855 3585 doota
876 3523 909 3583 et
931 3519 1080 3602 antiqua,
1110 3519 1244 3602 loquuta
1266 3522 1313 3584 est
1342 3519 1468 3586 dicens:

281 3641 307 3678 ⁸⁰
320 3625 445 3707 fratres,
469 3649 546 3693 non·
558 3633 606 3692 est
620 3625 739 3690 bonum
754 3623 896 3708 proeliari
912 3629 1042 3707 propter
1059 3643 1156 3688 vanos
1171 3622 1361 3687 laudatores.
1396 3621 1470 3688 Non

320 3732 404 3797 enim
426 3754 477 3797 ms
499 3730 602 3810 laudo,
626 3750 698 3794 oum
720 3728 781 3792 sim
805 3727 972 3805 laudanda,
997 3727 1147 3813 quoniam
1170 3727 1326 3811 seriptum
1345 3732 1412 3793 est:
1435 3749 1470 3794 os

319 3838 458 3904 alienum
481 3841 514 3901 te
536 3835 734 3902 commendet
757 3839 790 3900 et
812 3855 876 3899 non
901 3835 1084 3918 proprium,
1116 3833 1190 3918 quia
1218 3835 1322 3899 omnis
1343 3836 1414 3900 laus
1437 3835 1472 3899 in

319 3945 447 4029 proprio
471 3963 524 4007 ore
546 3942 707 4019 sordescit,
731 3941 847 4005 idoiroo
863 3938 975 4004 melius
990 3943 1048 4016 est,
1071 3942 1109 4003 ut
1124 3939 1188 4017 isti,
1213 3938 1268 4024 qui
1281 3961 1315 4004 se
1328 3939 1472 4019 laudant,

206 4066 209 4075 ·
319 4049 438 4113 vadant
460 4047 500 4112 ad
519 4047 657 4131 judicem
680 4046 850 4124 marinum,
874 4045 906 4108 id
929 4047 976 4108 est
999 4043 1196 4127 delphinum,
1220 4046 1276 4128 qui
1300 4049 1348 4110 est
1369 4047 1473 4130 justus

282 4155 413 4240 ⁸⁶juder
436 4158 469 4219 et
491 4157 595 4218 rectus
617 4149 734 4218 timeus
759 4151 942 4230 dominum,
974 4148 1133 4234 quiahoc
1161 4153 1246 4214 reete
1274 4150 1472 4216 terminabit.

889 4270 907 4311 s

393 4381 405 4434 l
425 4379 552 4436 Anders:
571 4395 677 4449 magna
696 4376 799 4434 Gurdo.
870 4377 887 4431 2
907 4375 1033 4432 Andere:
1052 4373 1168 4431 tbimus.
