3172 4958
836 323 877 386 88

282 495 376 560 nibus
398 493 510 560 alienis
532 495 680 561 miseram
703 494 819 560 servire
841 495 953 580 coegit.
1000 495 1069 573 Qua
1099 494 1251 560 nimirum
1274 493 1436 560 interdum

282 599 436 685 magistro
460 601 566 664 minus
589 600 870 686 correspondente,
905 603 963 665 aut
990 603 1028 665 ut
1049 601 1179 685 puniret
1200 593 1359 665 defectum
1380 602 1437 663 aut

281 703 439 788 impudico
463 704 529 769 ludi
559 705 697 769 ludibrio
720 704 822 789 magis
853 709 1076 790 exsequeretur
1103 706 1269 784 effectum,
1301 705 1342 769 ab
1364 725 1432 768 om·

280 809 374 874 nibus
403 810 570 876 ridendam
601 811 759 892 nudabat,
802 831 896 894 super
933 809 992 875 hoo
1022 815 1146 876 acetoso
1182 814 1277 896 potus
1314 809 1433 874 haustu

256 915 496 980 umoestificans.
532 915 622 980 Tunc
639 916 765 1000 quidem
778 915 847 978 lnce
862 913 1056 980 confusionis
1079 935 1116 980 ao
1130 913 1351 980 tribulationis
1373 911 1435 976 fel-

282 1017 349 1081 litae
379 1019 524 1084 antidoto
561 1019 737 1104 prudentiae
778 1017 877 1084 oculis
909 1019 1010 1083 simiae
1040 1019 1217 1098 restitutis,
1259 1040 1331 1083 cum
1363 1039 1436 1101 per-

283 1123 403 1208 ciperet
433 1123 568 1188 durioris
599 1125 726 1208 patroni
758 1145 843 1188 nunc
875 1124 932 1188 irre
962 1145 1048 1190 nunc
1073 1123 1216 1188 avaritiae
1238 1144 1271 1188 se
1293 1121 1437 1206 captiva·

284 1232 350 1292 tam
373 1228 506 1308 servire,
538 1229 576 1292 ad
607 1251 660 1294 cor
686 1249 811 1293 reversa
841 1228 973 1314 digesta
1004 1229 1076 1293 rei¹
1111 1227 1304 1293 sententiam
1337 1227 1438 1292 talem

282 1332 399 1396 dicitur
422 1334 608 1416 protulisse:
633 1355 651 1398 o
675 1333 883 1398 subornatum
907 1333 1077 1418 deceptivas
1100 1333 1285 1418 cupiditatis
1294 1331 1438 1410 hamum,

245 1457 270 1494 ιο
283 1435 443 1502 letiferum
454 1461 578 1517 munus,
595 1461 763 1503 munerum
774 1439 970 1503 naturalium
987 1437 1190 1514 ademtivum,
1212 1437 1440 1524 gravissimum

285 1543 490 1626 obligationis
513 1544 641 1627 pignus,
665 1541 757 1606 stulti
780 1549 813 1606 et
835 1542 989 1626 sapientis
1011 1542 1233 1615 commercium
1254 1541 1439 1618 minimum,

284 1648 458 1712 maximum
481 1649 628 1712 emtionis
650 1648 805 1731 pretium,
829 1647 992 1713 servitutis
1010 1648 1145 1732 jugum,
1170 1647 1350 1731 iniquitatis
1373 1645 1440 1709 fer-

284 1756 444 1829 mentum,
471 1753 667 1838 captivitatis
689 1751 859 1830 indicium,
884 1750 1061 1818 fomentum
1084 1751 1330 1828 discordiarum,
1361 1747 1441 1812 sub-

285 1858 386 1921 versio
417 1858 607 1922 eivilitatum
638 1856 843 1940 omniumque
866 1857 1072 1921 seminarium
1096 1857 1270 1932 malorum,
1294 1857 1441 1919 amatum

246 1964 457 2028 ¹⁶venennml
488 1960 562 2026 Non
587 1960 747 2025 immerito
774 1965 859 2025 certe
889 1961 991 2027 amica
1021 1961 1185 2039 veritatis,
1214 1958 1375 2044 equitatis
1405 1961 1443 2021 et

284 2069 381 2152 pacis,
405 2070 589 2131 cunctarum
608 2065 762 2129 virtutum
786 2065 885 2141 socia,
908 2065 1017 2130 divina
1038 2066 1089 2131 lex
1110 2065 1342 2148 susceptionem
1366 2085 1440 2126 mu-

285 2193 397 2238 nerum
406 2169 566 2253 judicibus
579 2170 770 2234 interdicens
785 2168 892 2252 inquit
907 2168 1008 2234 Exodi
1023 2169 1169 2234 xxlw:
1194 2189 1326 2232 munera
1338 2167 1440 2231 etiam

286 2279 444 2341 excaecant·
454 2274 626 2359 prudentes
642 2277 675 2337 et
690 2277 876 2358 pervertunt
891 2273 1169 2358 verbajustoruml
1192 2269 1294 2337 Plane
1310 2272 1442 2356 quidem

287 2381 464 2457 elucidans,
493 2379 576 2462 quod
598 2380 666 2443 haec
689 2379 758 2462 ipsa
780 2377 983 2460 prudentiam
1005 2378 1139 2462 fugant,
1159 2377 1320 2462 justitiam
1344 2376 1442 2442 dissi-

247 2500 272 2537 20
287 2489 383 2568 pant,
415 2483 661 2548 intellectuualis
684 2482 873 2564 moralisque
896 2483 1025 2547 virtutis
1048 2482 1287 2547 consistentiam
1310 2483 1443 2545 uastant

286 2611 475 2672 omnemque
497 2587 698 2653 rectitudinis
720 2588 817 2650 vitam
843 2595 967 2652 necant.
1014 2587 1136 2653 Revera
1166 2586 1351 2652 muneribus
1384 2607 1442 2649 cx-

286 2698 419 2758 caecatus
451 2697 518 2756 tam
544 2691 740 2756 admirabilis
764 2691 894 2756 Balaam
917 2691 1032 2775 periit,
1066 2691 1250 2757 muneribus
1279 2689 1443 2775 judicialis
1469 2703 1472 2707 ’

287 2796 374 2861 sedes
397 2794 507 2860 domus
529 2795 628 2861 Jacob
652 2797 822 2880 depravata
843 2796 952 2861 liberis
975 2795 1130 2862 Samuelis
1153 2796 1274 2862 Israhel
1297 2796 1333 2860 in
1353 2816 1439 2879 pree·

284 2900 462 2984 judicium¹
485 2901 607 2965 cecidit.
654 2899 840 2965 Muneribus
866 2905 1015 2985 corrupto
1038 2906 1150 2966 senatu
1174 2900 1292 2965 dudum
1312 2899 1439 2978 florido,

249 3019 274 3056 2⁵
288 3006 369 3070 sieut
381 3005 560 3088 providerat
570 3005 728 3090 princeps,
744 3006 913 3089 ingravata
921 3008 1172 3073 murmuratione
1181 3004 1326 3071 Romana
1336 3005 1444 3090 gloria

289 3110 447 3175 transivit.
494 3109 619 3174 Etenim
645 3114 715 3176 cuni
738 3113 853 3194 emptis
876 3111 986 3195 iniquo
1007 3133 1174 3177 munerum
1193 3109 1296 3194 pretio
1318 3108 1442 3174 datori-

289 3216 347 3279 bus
364 3215 471 3300 legum
488 3214 652 3280 fratricida
667 3215 903 3300 ingratissimus
927 3221 959 3282 et
975 3239 1111 3302 nequam
1127 3215 1233 3302 praedo
1246 3213 1443 3300 justificatus

288 3321 361 3399 fuit,
377 3319 729 3386 tuncJustitiarecessit
741 3345 760 3386 a
771 3319 873 3386 Roma
889 3327 921 3386 et
934 3343 1083 3387 converso
1093 3322 1132 3387 ad
1144 3343 1213 3387 eam
1221 3320 1312 3386 vultu
1319 3319 1441 3384 clama-

289 3427 378 3490 vitet
393 3426 488 3492 dixit:
513 3449 531 3490 o
548 3427 655 3490 urbem
666 3426 807 3490 venalem
821 3433 853 3490 et
863 3430 997 3491 matrem
1013 3427 1214 3506 tradituram‚
1238 3425 1266 3490 si
1282 3423 1444 3488 inveniret

250 3545 275 3582 ⁸⁰
290 3534 478 3614 emptorem!
513 3530 562 3596 Ob
585 3553 735 3614 quaeres
762 3531 933 3610 nimirum,
964 3534 1020 3617 qui
1051 3554 1126 3599 non·
1147 3531 1252 3616 parvis
1284 3528 1444 3614 sapientia

290 3637 410 3701 cultum
432 3635 604 3700 virtutibus
620 3636 761 3701 animum
779 3637 993 3721 possederunt,
1016 3639 1142 3724 magnis
1158 3658 1194 3703 eo
1210 3637 1280 3722 ipso
1294 3634 1442 3700 laudibus

290 3743 366 3804 sunt
388 3739 583 3824 significati,
615 3741 698 3824 quod
720 3763 909 3827 magnorum
932 3743 1088 3820 maxima,
1111 3743 1258 3808 maximae
1280 3739 1442 3805 libertatis

290 3865 412 3924 amore,
451 3866 584 3909 munera
615 3851 859 3912 contemserunt.
906 3847 1040 3923 Quantis
1073 3848 1158 3913 enim
1195 3845 1299 3912 titulis
1330 3843 1442 3930 gloriae

291 3948 488 4034 superfertur
511 3951 564 4016 ille
577 3950 744 4037 Diogenes,
770 3953 843 4017 dum
867 3953 996 4019 caleatis
1011 3954 1123 4039 opibus
1139 3953 1235 4040 regiis
1251 3973 1307 4036 per
1322 3947 1443 4014 medias

253 4053 388 4120 ³⁵libere
422 4057 606 4140 accipientis
637 4057 795 4122 voluntati
828 4059 1002 4142 expositas,
1044 4063 1153 4145 raptas
1186 4058 1273 4124 Asiae
1287 4039 1321 4094 ²⁸
1335 4055 1443 4122 Mace·

856 4196 873 4236 *

292 4380 340 4435 Asi
366 4299 379 4350 1
402 4297 511 4354 Andere
534 4299 625 4354 lesen:
649 4297 845 4371 precipitium.
916 4301 933 4354 2
952 4299 1063 4357 Andere
1080 4301 1169 4357 lesen:
1195 4317 1254 4358 esse
1271 4299 1330 4356 und
1350 4299 1445 4355 lassen

342 4397 365 4437 re
383 4401 452 4454 weg.
