3082 4938
811 336 871 396 176

262 503 327 584 fiet,
352 527 447 590 quam
470 505 534 570 vim
557 503 673 570 habeut
696 509 728 569 et
759 505 915 588 quomodo
946 503 1154 590 constringet.
1199 505 1260 571 Sed
1295 506 1419 572 interce

263 611 335 677 duur
361 610 420 676 hoc
442 610 570 696 egitur,
604 609 788 693 deponendo
809 613 857 673 est
879 631 933 686 ec,
966 631 1036 692 quse
1068 611 1150 692 apud
1182 633 1239 676 nos
1261 611 1417 676 hactenus

262 717 419 803 regnavit,
442 715 612 800 persuasio,
636 714 871 780 sanctissimum
894 714 1015 779 scilicet
1036 714 1127 778 illum
1143 737 1210 778 esse
1225 720 1360 798 patrem,
1384 721 1419 780 et

264 822 339 906 quid
364 823 450 885 non?
497 819 581 897 Haec,
606 819 755 902 inquom,
779 819 960 902 praejudiciu
982 823 1015 884 et
1038 819 1203 904 privilegis
1225 823 1258 884 et
1280 821 1417 886 fastuosi

262 927 350 991 tituli
375 929 451 990 sunt
472 925 679 1009 sliquousque
702 925 885 1009 relegandi,
920 930 952 988 et
979 923 1230 1010 inspiciendum,
1265 945 1328 989 non
1359 925 1418 1008 qui

263 1033 307 1096 sit
328 1031 482 1096 hodierno
514 1031 582 1109 die,
614 1031 668 1095 sed
703 1030 773 1114 quis
802 1029 878 1094 olim
909 1029 1007 1094 fuerit
1035 1033 1068 1094 et
1096 1028 1166 1112 quis
1197 1051 1263 1093 esse
1293 1029 1417 1094 debeat.

263 1135 447 1221 Optandum
471 1141 553 1200 esset
575 1139 649 1200 ente
671 1135 789 1213 omnin,
813 1135 1020 1218 quaestionem
1041 1134 1125 1198 hunc
1147 1157 1211 1200 non
1234 1137 1342 1198 extero
1360 1155 1421 1198 neo

264 1242 298 1306 in
322 1241 567 1306 controversiam
593 1239 707 1305 venire.

264 1345 322 1410 Sed
347 1347 430 1410 idem
453 1367 581 1430 prorsus
604 1345 719 1410 eccidit
745 1344 854 1422 nobis,
886 1344 970 1428 qnod
993 1342 1085 1408 Plato
1107 1343 1169 1408 sibi
1192 1344 1269 1408 dicit
1290 1344 1419 1409 evenire

267 1452 441 1535 multisque
463 1451 545 1529 aliis,
570 1472 642 1516 cum
662 1455 711 1515 est
726 1450 1016 1525 demonstrandum,
1041 1469 1106 1512 esse
1121 1448 1206 1526 deos,
1229 1449 1285 1531 qui
1308 1469 1418 1514 curum

263 1557 384 1622 hubent
406 1577 512 1619 rerum
535 1554 757 1631 humanorum,
782 1553 837 1636 qui
860 1555 991 1637 prremio
1012 1553 1111 1637 digne
1133 1553 1269 1618 reddunt
1288 1554 1358 1638 piis,
1382 1557 1419 1618 et

265 1661 434 1727 scelerosos
467 1661 604 1724 etiemu
633 1663 734 1724 morte
762 1659 911 1743 puniunt.
957 1657 1030 1723 Nisi
1064 1658 1264 1741 complures,
1300 1659 1418 1741 inquit,

265 1767 422 1843 docerent,
446 1763 551 1828 nullos
574 1785 640 1828 esse
663 1763 746 1840 deos,
768 1763 862 1828 facile
877 1763 1122 1847 disputationem
1139 1761 1418 1828 hencvitcremns.

266 1871 360 1938 Nunc
382 1890 475 1946 vero,
509 1869 635 1951 quondo
669 1889 733 1932 non
767 1874 916 1934 verentur
945 1869 1127 1952 opinionem
1159 1867 1241 1934 hunc
1271 1869 1416 1952 profiteri

266 1977 370 2062 polam
394 1978 427 2038 et
450 1975 518 2057 ipsc
541 1995 665 2057 quoque
687 1973 754 2038 vito
783 1974 986 2056 moribusque
1016 1973 1147 2052 testari,
1182 1993 1245 2036 non
1276 1993 1418 2056 possum,

266 2103 336 2166 quse
358 2079 493 2144 messit
523 2079 711 2164 senlteutiu,
743 2077 960 2154 dissimulare3
992 2077 1131 2160 alioqui,
1166 2077 1193 2141 si
1216 2077 1253 2142 de
1276 2075 1342 2140 Deo
1365 2077 1421 2160 pie

183 2241 186 2246 .
265 2186 423 2252 sentirent
443 2205 570 2262 ornnes,
595 2187 630 2248 nt
653 2184 756 2263 decet,
791 2205 856 2248 non
878 2184 1001 2248 veniret
1022 2183 1057 2246 in
1078 2187 1218 2248 mentem
1240 2182 1318 2260 ulli,
1351 2181 1418 2246 dis·

832 2304 851 2344 ιιι

266 2397 325 2460 wie
348 2419 381 2462 er
403 2395 585 2461 suffkomen
608 2394 673 2474 sei,
708 2394 821 2459 dorsus
849 2393 933 2458 donn
963 2391 1098 2459 kltrlieh
1122 2393 1329 2478 eutspriugen
1353 2393 1421 2458 und

266 2524 307 2565 un
331 2505 387 2586 tog
410 2499 524 2564 ironico
547 2499 631 2574 wirt,
655 2499 714 2562 wie
736 2519 770 2562 er
793 2497 910 2562 binden
925 2498 1000 2562 oder
1016 2499 1067 2562 nit
1082 2497 1199 2562 bindcn
1215 2505 1297 2582 mog.
1330 2497 1421 2562 Aber

266 2627 298 2668 es
322 2605 367 2668 sol
390 2601 426 2668 E.
451 2603 495 2669 M.
520 2604 553 2667 in
577 2603 684 2667 mitter
706 2603 776 2682 neit,
800 2603 888 2668 diseo
913 2603 1022 2679 wohn,
1045 2603 1202 2680 numlich,
1226 2604 1281 2668 dus
1304 2623 1338 2666 er
1360 2603 1419 2666 der

266 2708 397 2794 heiligst
421 2713 508 2773 vater
530 2713 649 2794 genunt
672 2709 735 2772 und
761 2708 910 2793 gehelten
933 2709 1022 2784 wirt,
1047 2729 1095 2772 wo
1118 2709 1168 2772 nit
1190 2729 1249 2793 ger
1270 2707 1418 2791 ablegen,

265 2817 335 2878 zum
358 2813 531 2898 wenigsteu
556 2813 808 2890 auffschilrtzen,
844 2813 907 2877 und
936 2813 1056 2878 hindon
1085 2819 1210 2891 setzen,
1246 2813 1326 2878 auch
1361 2812 1419 2876 be-

266 2916 424 2994 dencken,
458 2919 509 2981 nit
530 2918 589 2982 wie
612 2939 644 2981 es
667 2919 793 2982 ietzund
816 2919 868 2982 eiu
892 2918 1010 3003 gestult
1032 2919 1092 2984 mit
1114 2919 1159 2982 im
1189 2920 1266 2996 hat,
1300 2917 1419 2982 sonder

265 3021 325 3084 wie
347 3043 385 3084 es
402 3021 586 3106 unfenglich
610 3043 753 3107 genesen
777 3023 828 3101 ist,
853 3023 918 3087 und
942 3022 1051 3088 billich
1074 3023 1142 3087 sein
1165 3024 1236 3088 solt.
1270 3021 1312 3086 Es
1334 3042 1420 3086 were

265 3124 412 3190 htichlioh
436 3131 474 3194 zu
496 3127 676 3206 wtinschen,
699 3128 754 3192 dus
778 3149 850 3192 mun
875 3127 959 3191 diser
982 3128 1177 3210 disputetion
1202 3128 1308 3193 mocht
1322 3122 1420 3192 riber-

266 3230 370 3296 heben
393 3231 471 3296 sein.

353 3336 396 3401 Fe
418 3337 514 3421 gehet
535 3337 610 3402 uber
633 3338 743 3416 demit,
767 3339 826 3402 wie
849 3339 904 3402 der
924 3337 1016 3403 Plato
1040 3344 1122 3422 sugt,
1146 3337 1185 3403 du
1207 3359 1240 3402 er
1263 3337 1421 3402 beneisen

266 3444 353 3506 must
375 3441 430 3505 dus
454 3441 516 3507 Get
539 3443 626 3519 sind,
660 3445 739 3530 und¹
758 3442 813 3508 dee
846 3443 892 3508 sie
922 3441 1241 3508 sich-menschlicher
1260 3443 1339 3527 ding
1361 3465 1422 3506 un-

266 3567 401 3624 nemen,
434 3547 513 3610 cuch
541 3547 591 3610 die
623 3547 799 3612 boshefften
825 3547 907 3612 noch
931 3549 1029 3613 discor
1055 3548 1146 3612 leben
1169 3548 1309 3612 struffen.
1357 3545 1422 3612 Wo

266 3651 316 3715 nit
338 3651 453 3716 etliche
477 3652 521 3716 vil
544 3653 687 3716 verkerte
710 3653 791 3718 lerer
813 3675 933 3731 weren,
968 3657 1042 3738 segt
1070 3675 1125 3730 er,
1160 3652 1210 3716 die
1240 3651 1421 3735 obgemelte

267 3757 421 3840 meinung
444 3755 558 3833 huben,
583 3757 732 3834 ntimlieh,
755 3779 788 3820 es
811 3759 895 3822 scien
918 3759 1011 3822 keiue
1036 3757 1134 3834 Gott,
1170 3779 1206 3821 so
1229 3779 1310 3822 were
1333 3757 1421 3822 diser

267 3861 462 3944 disputution
485 3882 543 3945 gur
567 3862 617 3924 nit
634 3883 694 3925 von
719 3867 827 3939 noten,
852 3860 954 3925 Dweil
977 3884 1010 3926 es
1032 3863 1107 3926 uber
1130 3862 1345 3946 ausgebreitet
1366 3861 1421 3940 ist,

266 3966 332 4028 und
355 3965 398 4029 vil
422 3966 477 4029 der
500 3967 653 4052 meinung
685 3967 776 4044 sind,
812 3968 858 4032 sol
888 3968 953 4032 und
975 3967 1039 4032 kun
1062 3967 1129 4031 ichs
1153 3967 1204 4031 uit
1227 3965 1420 4050 umbgehen,

266 4073 355 4133 ronst
380 4092 428 4134 wo
456 4091 488 4134 es
517 4072 606 4135 recht
636 4073 791 4156 rugieng,
828 4070 874 4137 sol
909 4093 983 4136 mun
1017 4071 1084 4135 dise
1115 4071 1187 4135 rede
1215 4092 1275 4156 ger
1305 4069 1355 4134 nit
1385 4070 1419 4134 iu

267 4174 386 4237 zweifel
409 4181 522 4240 setzen.
557 4175 598 4240 Je
620 4199 652 4241 es
675 4178 723 4241 sol
748 4176 894 4242 niemand
918 4177 951 4240 in
975 4177 1046 4240 sinn
1072 4175 1231 4252 kommen,
1255 4175 1357 4238 duvon
1381 4179 1420 4240 κῆ

267 4277 371 4342 reden.
418 4278 495 4343 Also
518 4280 616 4364 gehts.
642 4281 721 4346 auch
755 4283 823 4346 ietc.
870 4281 933 4346 Wo
965 4282 1015 4346 die
1039 4281 1139 4363 Bt'rpst
1171 4281 1221 4343 nit
1250 4279 1311 4343 olle
1340 4279 1421 4364 <ling

267 4376 447 4462 verwistet,
470 4386 534 4448 uod
558 4409 598 4450 eu
622 4387 688 4452 sich
712 4387 869 4472 gerissen,
893 4387 1008 4451 sonder
1031 4407 1122 4450 wenn
1147 4384 1192 4448 sie
1217 4385 1277 4448 ires
1302 4383 1420 4468 Ampts
