3044 4956
344 1347 458 1404 Sleidun
479 1365 516 1403 sn
534 1347 593 1403 Jec.
611 1345 706 1403 Sturm
727 1349 759 1406 18
778 1347 859 1418 April
880 1349 947 1404 1545
966 1345 1071 1416 (Bmm-
1089 1346 1147 1402 und
1161 1346 1311 1404 Verdisehe
1332 1349 1427 1406 biblio·

275 1434 361 1500 thels,
391 1435 402 1488 1
423 1434 475 1490 bds
493 1435 510 1489 2
528 1434 621 1498 sines,
649 1433 798 1503 Hsmburg
818 1435 898 1498 1753,
923 1451 945 1488 s.
965 1433 1040 1502 108):
1076 1431 1159 1490 Certo
1185 1434 1312 1490 deletum
1330 1438 1373 1490 est
1390 1435 1426 1491 sd

273 1539 335 1587 me,
367 1521 505 1578 Gesssrem
526 1520 699 1576 intellexisse
724 1520 759 1575 de
782 1518 956 1576 orationibus
973 1519 1042 1575 meis
1060 1519 1175 1587 latinis,
1203 1525 1232 1577 et
1250 1521 1426 1578 vehementer

272 1611 357 1666 fuisse
375 1613 552 1667 commotum.
588 1609 723 1666 Mulevoli
741 1612 844 1666 voosnt
863 1609 992 1666 libellum
1010 1609 1163 1673 famosum,
1189 1608 1236 1664 sed
1260 1609 1291 1664 in
1309 1627 1341 1666 eo
1358 1611 1427 1665 mihi

271 1696 381 1753 fuciunt
398 1697 540 1767 injurium,
559 1699 588 1752 et
607 1697 662 1753 soio
679 1696 728 1752 ubi
746 1697 839 1752 latest
857 1697 1010 1754 famositas.
1041 1697 1146 1752 Verum
1164 1696 1313 1752 Miltitzius
1325 1697 1425 1753 Witte·

272 1784 361 1854 bergs
374 1783 485 1854 scripsit
497 1783 534 1839 sd
547 1783 705 1850 Crotonem,
724 1784 860 1855 seriptum
871 1781 945 1839 illud
956 1801 1051 1840 meum
1062 1800 1166 1853 magno
1185 1785 1325 1854 applausu
1342 1784 1426 1840 fuisse

275 1871 351 1941 sputi
369 1871 444 1942 ipsos
465 1873 618 1941 exceptum,
638 1870 707 1927 sdeo
724 1871 837 1941 quidem
855 1874 889 1925 ut
907 1871 1054 1936 Lutherus,
1072 1870 1121 1941 qui
1139 1870 1168 1925 id
1186 1871 1262 1926 idem
1279 1888 1426 1942 argumen-

272 1961 334 2013 tum
351 1960 411 2015 iere
427 1958 582 2023 tractavit,
603 1958 745 2024 fateatur,
770 1976 799 2015 se
817 1958 886 2014 meis
905 1959 1079 2016 orationibus
1098 1959 1229 2029 adjutum
1246 1975 1312 2014 esse.
1349 1958 1426 2024 Quod

271 2044 385 2116 quidem
402 2045 479 2100 illius
498 2045 553 2100 viri
567 2045 705 2117 judicium
724 2064 776 2117 ego
793 2048 850 2104 toti
867 2047 983 2104 (luseris
1002 2048 1075 2103 sulae
1094 2049 1249 2116 antepono,
1275 2049 1304 2102 et
1328 2047 1358 2101 in
1377 2049 1427 2101 tua

270 2133 368 2203 tuique
386 2132 522 2190 similium
539 2134 663 2190 virorum
682 2133 808 2189 amicitis
825 2137 855 2190 et
873 2135 1029 2206 patrocinio
1048 2134 1171 2190 libenter
1189 2133 1371 2203 sequiesosm

343 2221 389 2275 An
407 2220 542 2276 Osrdinsl
566 2222 604 2276 du
622 2221 723 2290 Bolley
744 2223 776 2276 14
795 2222 852 2277 lini
878 2225 943 2279 1545
968 2221 1176 2294 (Forsehungen
1201 2239 1250 2274 zur
1272 2220 1423 2276 deutschen

272 2307 436 2378 gesehiohte
457 2307 493 2362 bd
514 2311 554 2364 10.
577 2311 652 2366 1870.
670 2327 691 2364 s.
713 2311 789 2380 llil:
819 2309 1007 2382 Opusoulum,
1025 2309 1100 2379 quod
1118 2309 1218 2378 hyeme
1236 2307 1371 2379 superiori
1389 2307 1426 2363 ed

271 2396 300 2449 te
318 2393 389 2458 misi,
408 2411 545 2464 magnum
563 2394 657 2450 odium
676 2395 747 2450 mihi
759 2395 920 2452 conciliavit
932 2396 1007 2466 apud
1020 2395 1164 2461 (lusorem,
1182 2397 1229 2451 sod
1248 2397 1350 2466 praeter
1369 2395 1427 2466 opi-

271 2480 383 2536 nionem
401 2480 473 2535 nihil
493 2480 602 2546 sooidit,
621 2486 650 2537 et
668 2483 759 2539 multo
777 2483 867 2553 pluris
884 2483 957 2539 isoio
974 2483 1062 2554 ipsius
1080 2483 1196 2538 Lutheri
1210 2483 1356 2554 judicium,
1375 2481 1425 2552 qui

270 2567 354 2638 longe
371 2585 448 2624 seous
466 2568 500 2624 de
518 2585 550 2625 eo
568 2571 771 2640 pronuntiavit,
790 2574 823 2626 ut
841 2571 896 2626 huo
912 2571 1097 2642 perscriptum
1117 2572 1167 2626 est
