3172 4962
816 325 877 388 1⁷6

270 495 312 562 Hi
338 502 443 562 autem
466 519 537 562 oum
560 499 704 561 orassent
738 500 770 560 et
799 496 972 562 exivissent
1000 501 1112 562 contra
1135 495 1308 562 Saracenos
1331 495 1429 581 quasi

271 602 430 679 morituri,
454 602 543 666 misit
566 600 650 666 Deus
674 623 769 685 super
791 623 843 666 eos
866 604 898 665 et
920 622 1016 686 equos
1040 622 1143 667 rorem
1166 603 1342 680 coelcstem,
1369 624 1427 667 cu·

266 706 319 789 jus
342 706 505 772 dulcedine
528 707 591 792 ipsi
613 710 645 771 et
669 706 743 790 equi
766 728 873 772 eorum
895 706 943 773 ita
964 707 1076 772 refecti
1099 711 1176 772 srmt
1198 730 1255 795 per
1278 708 1427 772 triduum

269 816 300 876 et
323 810 507 889 fortificati,
540 812 624 897 quod
646 811 793 875 inventos
816 810 989 877 Saracenos
1011 817 1242 896 superaverunt
1275 818 1308 878 ct
1328 812 1424 898 fuga-

244 920 385 981 ⁶verunt
408 937 459 980 eos
481 921 513 982 et
536 918 619 982 bona
641 938 750 981 eorum
774 917 985 1001 diripuerunt.

559 1090 614 1156 De
637 1091 759 1156 cedro
781 1065 953 1170 Libani,
977 1114 1045 1175 cap.
1072 1096 1122 1156 35.

359 1231 475 1298 Codrus
506 1232 650 1315 quaedam
679 1231 713 1294 in
736 1231 859 1296 Libano
889 1231 1036 1315 plantata
1067 1232 1208 1296 eminens
1244 1235 1275 1295 et
1302 1232 1426 1298 excelsa

272 1360 365 1423 super
389 1359 498 1403 omnes
520 1337 703 1422 apparebat,
729 1337 775 1401 ita
798 1337 882 1420 quod
905 1337 1000 1400 multi
1015 1336 1249 1402 adscendebant
1271 1337 1306 1402 in
1331 1358 1422 1400 mon·

271 1448 338 1510 tem
359 1443 465 1508 videre
489 1463 567 1506 eam.
613 1440 661 1506 De
693 1463 755 1524 qua
787 1441 908 1506 visione
936 1440 1091 1505 laetificati
1115 1441 1243 1506 cedrum
1265 1441 1421 1525 multipli-

233 1566 259 1604 10
273 1550 351 1614 citer
373 1547 645 1612 commendabunt.
691 1544 738 1611 Ea
761 1549 891 1630 propter
920 1546 1030 1610 cedrus
1062 1547 1229 1611 sublimari
1252 1547 1349 1630 coepit
1371 1547 1418 1612 di·

273 1675 347 1721 ceus
378 1655 463 1718 intra
491 1673 539 1716 se:
568 1652 731 1716 sonneiis
754 1651 889 1716 nimium
919 1652 1049 1716 laudata
1079 1674 1149 1716 sum
1179 1655 1310 1736 propior
1342 1651 1424 1735 quod

273 1783 343 1826 sum
366 1759 532 1838 laudanda,
556 1757 609 1822 sed
631 1762 719 1841 puto,
743 1758 843 1842 quod,
868 1758 896 1820 si
918 1757 1060 1842 virgulta
1083 1770 1116 1822 et
1138 1757 1323 1836 arbustula,
1356 1779 1424 1841 quae

273 1866 356 1932 circa
379 1887 428 1929 me
450 1867 526 1928 sunt
548 1865 581 1928 et
603 1863 762 1926 virescunt
784 1866 816 1928 et
839 1868 1002 1942 crescunt,
1037 1863 1170 1947 praeoisa
1200 1867 1233 1928 et
1265 1862 1425 1928 eradicate

273 1971 410 2048 fuerint,
442 1968 579 2032 maxime
605 1967 779 2051 appareb03
814 1967 930 2033 idcirco
952 1968 1054 2032 tutius
1080 1974 1146 2046 est,
1170 1972 1340 2052 antequam
1364 1968 1425 2032 ele·

236 2087 261 2126 1⁶
275 2078 407 2151 ventur,
437 2072 607 2137 humiliare
638 2093 675 2137 ao
697 2071 846 2137 mutilare
867 2073 953 2157 ipsu,
985 2095 1025 2138 ne
1056 2074 1193 2161 gloriam
1216 2077 1248 2138 et
1270 2073 1424 2137 honorem

275 2200 379 2244 meum
402 2181 559 2244 auferant.
604 2177 646 2253 Et
668 2177 729 2242 hoc
751 2178 858 2243 dicens
881 2182 995 2244 cuncta
1018 2179 1160 2265 virgulto
1189 2183 1222 2244 et
1249 2177 1424 2254 arbusteis,

275 2305 346 2368 quoe
367 2284 451 2349 circa
472 2304 506 2348 se
528 2281 745 2367 pullulabant,
776 2283 920 2367 proscidit
942 2287 974 2347 et
997 2284 1178 2362 eradicavit,
1206 2305 1264 2368 pro
1287 2305 1350 2368 quo
1372 2282 1427 2347 de·

275 2389 395 2453 nudata
403 2387 584 2472 apparebat.
607 2385 681 2451 Non
690 2386 888 2470 postmultos
897 2386 1081 2452 dieschorue
1090 2387 1251 2471 [boreast]
1261 2389 1298 2453 de
1306 2385 1427 2451 Libano

274 2492 365 2558 flavit
394 2496 427 2557 et
457 2491 566 2558 cedrus
588 2491 723 2575 superba
755 2493 862 2557 evulsa
894 2495 925 2555 et
948 2492 1123 2576 exstirpata
1155 2497 1188 2556 et
1218 2497 1349 2557 curvata
1380 2495 1429 2555 est

237 2619 262 2658 ae
277 2598 397 2663 dicens:
427 2597 511 2660 nihil
534 2601 609 2661 sunt
632 2596 825 2680 superiores,
860 2597 887 2662 si
910 2619 974 2662 non
996 2597 1161 2682 possident
1184 2598 1341 2675 minores,
1373 2596 1427 2660 sed

276 2703 371 2766 multi
391 2701 451 2766 huc
473 2702 598 2766 credere
620 2701 799 2787 negligunt,
823 2701 888 2766 imo
910 2702 968 2766 soli
983 2704 1092 2785 magui
1115 2703 1250 2788 cupiunt
1273 2722 1431 2786 apparere
1564 2759 1565 2766 ,

276 2828 313 2872 ec
335 2809 473 2871 minores
496 2805 678 2889 exstirpare.
725 2804 824 2870 Prout
847 2827 903 2891 per
924 2806 1169 2872 similitudinem
1192 2809 1318 2884 dicitur,
1344 2806 1428 2890 quod

277 2911 361 2976 oliva
383 2913 415 2974 et
437 2931 539 2973 canna
561 2908 733 2994 litigabant
756 2909 861 2989 simul,
885 2914 917 2975 et
940 2911 1021 2976 dixit
1043 2913 1129 2976 oliva
1151 2934 1275 2978 cannae:
1307 2915 1344 2976 tu
1368 2911 1428 2976 mi·

277 3037 348 3081 sera
370 3038 402 3080 es
425 3019 457 3079 et
479 3013 614 3092 inutilis,
638 3035 697 3099 ego
713 3036 785 3079 vero
801 3016 906 3080 oleum
922 3017 1071 3082 ministro
1087 3020 1234 3084 servituti
1251 3017 1428 3093 hominum,

239 3120 337 3186 utini
369 3141 488 3184 canna:
524 3119 587 3184 cito
620 3120 758 3198 videbis,
794 3122 882 3205 cujus
918 3122 1070 3187 utilitatis
1103 3125 1191 3188 sum!
1227 3121 1270 3188 Et
1300 3125 1430 3207 repente

277 3247 394 3311 magno
426 3225 548 3310 agitata
579 3228 672 3288 vento
704 3225 738 3289 in
769 3229 903 3310 utraque
934 3231 1025 3311 parte
1057 3227 1246 3292 flectebatur
1280 3232 1312 3292 et
1345 3225 1429 3291 nihil

278 3330 355 3417 mali
378 3351 467 3415 passa
491 3334 549 3395 est.
595 3328 685 3394 Tunc
715 3330 797 3394 dixit
826 3352 928 3395 canna
958 3331 1065 3396 olivus:
1096 3333 1167 3416 plus
1200 3331 1285 3398 velet
1317 3331 1430 3396 debilis

278 3458 350 3502 cum
381 3435 522 3499 utilitate
555 3457 649 3519 quam
680 3435 772 3499 fortis
796 3455 867 3500 cum
900 3436 1057 3518 superbia.
1104 3436 1187 3502 Puer
1222 3438 1325 3516 enim,
1359 3459 1431 3502 cum

279 3540 436 3618 nascitur,
460 3540 639 3624 exemplum
662 3539 754 3604 nobis
777 3541 832 3605 dat
854 3541 1065 3619 humilitatis,
1097 3542 1172 3626 quia
1195 3563 1283 3608 more
1312 3542 1429 3606 bestia-

241 3665 267 3704 ao
280 3667 352 3710 rum
374 3667 487 3710 curvus
517 3651 549 3708 et
571 3644 661 3728 quasi
684 3665 754 3708 cum
779 3649 915 3728 quatuor
938 3645 1071 3728 pedibus
1095 3647 1237 3712 nascitur
1260 3647 1300 3712 ad
1322 3647 1432 3711 viven-

281 3750 372 3829 dum,
405 3749 461 3834 qui
492 3752 690 3834 comparatus
721 3753 768 3814 est
799 3749 910 3814 bestiis
942 3756 975 3814 et
1006 3750 1122 3816 similis
1153 3751 1257 3820 factus
1287 3757 1335 3817 est
1356 3751 1430 3817 illis.

280 3852 433 3920 Nascitur
456 3855 539 3918 enim
563 3853 665 3918 flendo
687 3857 720 3918 et
743 3875 806 3919 non
830 3854 976 3934 ridendo,
1010 3861 1047 3919 ut
1079 3855 1196 3921 dicitur
1227 3856 1299 3942 Sap.
1332 3856 1433 3923 vlu:

279 3959 415 4044 primam
445 3981 552 4024 vocem
581 3959 724 4022 omnium
757 3959 846 4023 emisi
880 3959 1017 4042 plorans.
1067 3960 1267 4047 Augustinus
1299 3961 1336 4046 de
1368 3964 1430 4027 cir.

282 4063 359 4130 Dei:
382 4087 476 4148 puer,
502 4064 556 4148 qui
580 4063 738 4143 nascitur,
762 4087 781 4128 a
803 4064 930 4148 ploratu
953 4064 1068 4150 incipit
1091 4067 1232 4132 nesciens
1256 4067 1332 4150 quid
1356 4067 1433 4132 mali

244 4185 269 4227 εὔ
283 4171 326 4236 sit
347 4191 506 4254 passurus.
552 4168 644 4235 Solus
668 4168 830 4235 Zoroaster
861 4170 969 4235 risisse
1000 4171 1102 4237 fertur
1125 4176 1157 4237 et
1180 4177 1287 4240 temen
1311 4173 1367 4238 ille
1389 4174 1434 4238 ri·

284 4295 337 4339 eus
360 4297 470 4358 parum
500 4274 562 4338 sibi
594 4273 735 4358 profuit,
765 4275 827 4340 fuit
857 4275 943 4340 enim
975 4276 1123 4340 inventor
1154 4279 1271 4341 artium
1295 4277 1434 4362 magicu-

285 4399 366 4460 rum,
389 4383 421 4442 et
443 4401 514 4444 eum
536 4382 618 4444 esset
640 4400 696 4444 rex
717 4377 971 4462 Bactrianorum,
996 4379 1117 4448 uNino
1139 4402 1214 4469 rege
1230 4383 1435 4468 Assyriorum

1561 75 1565 230 r
