3172 4958
720 355 762 418 88

166 529 194 595 si
210 529 317 606 habes,
342 532 399 594 aut
421 527 471 592 his
487 526 585 591 uteris
597 530 653 591 aut
668 548 743 591 non.
790 525 822 591 si
839 527 949 606 uteris,
964 525 1154 592 luxuriando
1169 527 1268 604 fatua,
1293 527 1320 591 si
1346 523 1347 528 ’

166 657 231 700 non
254 633 370 711 uteris,
395 653 428 696 es
451 631 615 726 retinendo
638 654 741 712 avara,
766 633 793 695 si
822 653 895 697 vero
918 653 1013 717 egens
1037 631 1144 710 habes,
1169 633 1319 698 artificia-

166 741 242 804 liter
264 759 455 822 quamquam
478 737 573 813 dives,
598 741 713 801 natura
735 727 842 801 tamen
856 759 975 822 pauper
994 759 1036 800 es.
1082 736 1179 802 Vides
1206 738 1319 823 igitur,

168 843 252 928 quod
275 843 347 927 plus
369 842 494 919 habere,
518 847 574 906 aut
597 843 665 906 sine
688 842 822 926 quadam
847 843 1021 908 vitiositate
1044 847 1100 908 aut
1122 843 1191 906 sine
1213 843 1320 926 aliqua

140 951 355 1032 spaupercate
385 967 450 1010 non
482 951 539 1011 est
595 945 685 1012 Vane
714 968 807 1032 ergo,
846 948 920 1031 quia
951 949 1021 1032 plus
1052 947 1168 1025 habes,
1200 949 1319 1033 gloria-

166 1054 231 1130 ris,
263 1073 321 1137 ego
352 1055 436 1118 certe
466 1073 517 1116 me
547 1053 652 1117 minus
676 1074 769 1138 egere
791 1075 876 1118 nunc
899 1053 1018 1139 glorior
1041 1055 1084 1117 at
1097 1053 1214 1117 nudam
1239 1057 1318 1131 arte,

168 1158 244 1243 quia
259 1179 317 1223 nec
332 1178 408 1242 egeo
430 1178 488 1223 neo
510 1157 604 1242 cupio
628 1160 862 1236 vestimentum,
886 1159 1034 1223 ditiorem
1056 1179 1106 1222 me
1124 1162 1211 1242 puto.
1257 1157 1319 1222 Ni·

167 1263 285 1327 mirum
307 1263 363 1346 qui
386 1262 490 1326 minus
513 1265 596 1347 eget,
619 1263 647 1326 is
669 1266 785 1326 natura
807 1262 894 1326 dives
917 1267 975 1340 est,
1006 1261 1081 1326 dum
1104 1261 1147 1326 sit
1168 1261 1236 1346 ipsc
1253 1262 1319 1327 suf-

167 1367 286 1431 ficiens.
332 1365 438 1432 Solam
461 1387 598 1450 namque
621 1365 720 1444 hanc,
752 1366 785 1430 ni
815 1367 927 1443 fallor,
962 1367 1185 1431 aestimaverim
1212 1387 1318 1430 varam

128 1493 154 1530 m
168 1491 236 1535 esse
258 1471 453 1555 opulentiam
478 1491 543 1536 non
567 1471 695 1536 aliunde
710 1472 931 1548 mendicatam,
956 1472 1008 1536 sed
1032 1472 1207 1556 cupiditate
1229 1471 1320 1536 abdi·

168 1579 289 1652 catam,
322 1576 462 1641 nativam
486 1575 602 1640 habere
624 1575 858 1640 sufficientiam.
904 1575 947 1640 Et
970 1576 1096 1660 quidem
1119 1581 1246 1641 tantum
1272 1576 1320 1640 di·

168 1680 266 1744 uitem
287 1702 320 1745 se
343 1682 469 1764 putavit
502 1681 688 1764 cupiditatis
712 1682 812 1745 victor
835 1680 1010 1766 Diogenes,
1040 1703 1110 1746 cum
1143 1683 1321 1746 attenderet

169 1785 310 1850 naturali
333 1807 405 1851 vase
420 1807 572 1851 manuum
587 1787 737 1851 haustum
753 1791 927 1851 sumentem
952 1787 1066 1862 virum,
1090 1790 1121 1849 et
1144 1808 1177 1850 se
1200 1786 1262 1850 sibi
1285 1787 1320 1851 in

169 1890 355 1955 necessitate
378 1890 559 1974 hujusmodi
582 1891 650 1956 fore
676 1892 895 1956 sufficientem.
942 1891 1019 1955 Inde
1050 1890 1132 1973 quod
1164 1895 1197 1955 et
1228 1891 1319 1954 dum-

128 2013 155 2052 1⁵
168 1997 259 2058 taxat
270 2015 365 2059 unam
376 2000 495 2062 vestem
505 1997 696 2081 possidebat,
716 1997 782 2081 jam
798 2019 831 2061 se
843 1997 911 2082 ipso
927 1997 1013 2060 dives
1028 1995 1203 2080 potationis
1218 1996 1323 2082 fregit

170 2099 331 2162 vasculum
357 2102 390 2164 et
412 2101 553 2184 potentis
576 2097 722 2184 peditans
745 2101 863 2183 sprevit
885 2121 1010 2183 equum.
1057 2098 1106 2164 Ob
1131 2121 1226 2182 quam
1253 2121 1320 2164 rem

169 2201 265 2287 hujus
288 2205 398 2268 mundi
422 2205 559 2282 divitia,
592 2208 648 2269 aut
669 2204 865 2289 paupertatis
887 2203 1070 2268 naturalis¹
1094 2203 1320 2287 opitulativum

170 2306 320 2372 solatium
344 2311 400 2372 aut
422 2308 607 2392 cupiditatis
637 2309 739 2374 anxiae
768 2309 877 2392 jugum
907 2313 982 2372 sunt
1004 2329 1180 2372 onerosum.
1227 2307 1321 2372 Disce

170 2410 290 2495 igitur,
322 2411 408 2495 quod
442 2412 554 2476 melius
586 2413 629 2477 sit
661 2434 724 2478 nou
756 2432 847 2497 egere
871 2433 965 2494 quam
989 2412 1171 2497 indigenter
1193 2411 1319 2476 habere.

172 2513 295 2591 Quibus
317 2513 466 2579 diffinitis
488 2515 646 2580 audientis
668 2516 767 2580 risum
791 2515 888 2580 vertit
911 2515 945 2578 in
968 2515 1100 2581 luctum.

129 2660 157 2698 ω
487 2691 574 2768 Quae
596 2690 683 2755 sint
706 2711 810 2756 verae
833 2690 1007 2755 divitia.

171 2843 227 2908 De
249 2846 520 2911 adolescente
542 2847 613 2931 qui
635 2847 717 2912 ivit
740 2847 783 2912 ad
808 2867 957 2912 aureos
981 2852 1158 2930 montes,
1182 2870 1250 2932 cap.
1272 2851 1319 2914 10.

259 2967 450 3035 Adolescens
473 2970 612 3054 quidam,
634 2971 770 3036 flammis
791 2970 934 3036 avaritiae
956 2970 1100 3036 seniliter
1119 2970 1186 3053 jam
1210 2991 1320 3035 accen·

171 3095 235 3153 sus,
257 3095 328 3138 oum
345 3075 485 3139 audisset
499 3081 623 3140 montes
640 3098 760 3155 aureos,
785 3075 1000 3141 beneficentiae
1023 3076 1177 3140 naturalis
1200 3096 1322 3139 exores-

170 3183 261 3244 cente
283 3199 378 3258 vena,
402 3202 468 3245 esse
490 3179 523 3244 in
546 3181 656 3260 India,
689 3183 783 3266 hujus
806 3203 871 3246 esse
894 3202 997 3260 comes
1021 3180 1201 3244 desiderans
1233 3179 1323 3244 mille

130 3307 157 3346 aa
171 3305 228 3368 per
259 3284 400 3369 pericula
430 3285 560 3351 tandem
586 3285 648 3352 huc
680 3288 831 3372 pervenit.
879 3285 958 3350 Cum
981 3285 1081 3368 igitur
1104 3282 1250 3368 perfusus
1269 3285 1322 3367 ju-

171 3388 342 3468 cunditate,
367 3390 497 3473 pupillis
512 3390 709 3455 stillantibus
729 3391 798 3455 auri
821 3389 980 3475 cupidine,
1006 3389 1175 3452 rutilantes
1197 3391 1323 3451 montes

172 3493 401 3576 conspexisset,
436 3499 590 3560 attractus
621 3495 690 3559 auri
717 3495 869 3560 desiderio
891 3493 1108 3578 impulsusque
1131 3493 1210 3556 vitio
1233 3491 1322 3574 cupi-

173 3595 281 3660 ditatis
301 3596 458 3662 festinus⁹
476 3597 639 3663 anhelaret
651 3599 819 3683 attingere,
846 3597 975 3684 Gigno³
991 3597 1234 3682 sophisticorum
1249 3597 1321 3679 qui-

173 3702 245 3766 dam
269 3702 437 3766 salubriter
472 3703 610 3768 currenti
633 3725 799 3767 occurrens
830 3703 876 3768 rei
905 3703 999 3787 hujus
1032 3701 1179 3787 gnarus⁴
1210 3702 1323 3784 ignaro

129 3831 158 3868 ac
168 3806 278 3891 juveni
300 3806 397 3870 dixit:
422 3807 609 3889 quantocius
633 3807 831 3872 retrocedens
855 3831 927 3872 cave
950 3813 983 3872 et
1005 3829 1046 3871 na
1069 3805 1218 3889 procedas
1240 3805 1323 3868 ulte-

172 3913 289 3976 terius!
313 3911 463 3995 quoniam
487 3913 513 3974 si
536 3911 635 3994 grifes
657 3913 913 3997 appropinquare
934 3917 966 3976 te
989 3911 1144 3989 viderint,
1176 3911 1242 3992 jam
1267 3931 1324 3993 pro

172 4039 249 4082 auro
272 4017 442 4101 perniciem
468 4016 607 4080 habebis.
654 4015 775 4090 Quibus
798 4017 919 4080 illesic
942 4017 1074 4099 cupidus
1094 4020 1157 4078 tam
1175 4015 1324 4080 flebiliter

172 4144 267 4206 quam
290 4119 476 4185 terribiliter
490 4120 606 4184 auditis
630 4141 703 4184 mcx
726 4123 831 4183 totum
854 4119 1005 4204 gaudium
1022 4119 1056 4182 in
1072 4120 1228 4203 gemitum
1248 4141 1322 4184 con-

738 4239 755 4276 *

244 4329 256 4382 l
277 4328 388 4384 Andere
405 4327 496 4383 lesen:
515 4327 633 4382 natura.
715 4325 731 4379 2
750 4325 861 4380 Ardere
879 4325 969 4380 lesen:
994 4343 1108 4396 gnarus.
1189 4329 1206 4382 3
1229 4326 1324 4384 Dieser

172 4433 256 4472 namo
273 4415 347 4472 fehlt
365 4416 395 4470 in
414 4416 523 4471 andern
543 4413 696 4484 ausgaben.
768 4413 914 4470 tAndere
932 4413 1024 4469 lesen:
1043 4415 1174 4470 fautinus.

1065 4505 1114 4570 6*
