3172 4958
740 355 781 418 53

182 528 338 616 pientiam
361 527 481 614 fugat?
502 525 623 594 Verum
647 528 722 612 quid
747 533 795 594 est
817 528 999 612 eloquentia
1014 528 1083 595 siue
1098 529 1256 614 sapientia
1270 529 1335 594 nisi

183 633 352 720 incognita
374 633 502 720 lingua,
535 633 655 700 fiuriosa
677 633 837 718 potentia,
870 633 967 700 bucca
989 634 1059 699 sine
1081 635 1187 714 freno,
1219 635 1336 720 equina

184 740 353 820 dementia,
377 761 428 804 ars
451 719 725 824 incompositae(
739 739 870 808 dulcedo
893 760 957 804 non
981 740 1138 806 modicum
1153 743 1335 807 venenosa?

183 843 212 911 0
234 845 339 924 miser,
364 844 418 928 qui
440 847 610 908 exornatus
632 848 680 908 est
695 846 750 909 ea!
775 843 939 927 Numquid
962 865 1038 930 ergo
1053 847 1120 909 tam
1144 847 1336 912 relucentem

157 950 219 1015 sin
242 972 276 1015 se
298 949 503 1033 reprobamus
527 948 730 1014 facundiam?
753 948 865 1014 Absit:
889 950 941 1014 aad
965 950 1131 1017 dumtaxat
1153 952 1334 1036 superbiam

183 1056 267 1122 hano
288 1055 391 1139 ipsam
418 1054 613 1122 damnamus.
660 1053 711 1143 Ad
741 1054 931 1140 sapientiam
961 1055 1047 1120 enim
1072 1055 1185 1142 lingua
1216 1057 1336 1122 directa

184 1165 248 1238 est,
280 1159 483 1244 quamobrem
507 1159 660 1244 ejusmodi
683 1161 876 1226 fermentum
896 1161 1062 1246 jactantiae
1084 1161 1111 1225 si
1134 1161 1256 1228 venerit
1278 1184 1334 1246 per

184 1263 350 1344 ancillam,
379 1264 523 1348 perditur
546 1265 674 1330 domina
696 1287 831 1349 moxque
854 1265 942 1329 verbi
965 1265 1063 1357 sumit
1085 1267 1334 1334 instrumentum

183 1370 330 1436 vecordia
352 1373 383 1433 et
406 1365 457 1433 ars
480 1391 562 1436 saeva
584 1371 667 1436 cedit
688 1372 721 1435 in
745 1370 835 1435 iram.
881 1369 935 1436 Sic
956 1391 1032 1455 crgo
1055 1393 1126 1436 oum
1150 1372 1333 1440 intumescis

144 1475 350 1554 raimundia,
382 1476 502 1541 bonum
534 1476 594 1541 tibi
627 1477 661 1543 in
685 1478 804 1542 malurn
824 1477 891 1561 jam
914 1477 1111 1543 convert'tur
1142 1480 1175 1541 et
1197 1480 1253 1542 tua
1274 1477 1336 1543 tibi

185 1583 249 1668 ipsi
278 1571 390 1668 linqua
419 1582 581 1647 mentitur.
626 1581 679 1654 Sic
708 1588 741 1648 et
770 1583 903 1648 scientia
932 1582 965 1646 in
999 1583 1169 1648 amentiam
1200 1583 1336 1649 vertitur

185 1686 280 1754 acin
303 1687 514 1771 corruptelam
545 1689 651 1774 gratia
685 1692 894 1772 permutatur.
941 1687 1053 1753 Virtus
1088 1689 1206 1773 quippe
1227 1689 1265 1753 lit
1287 1689 1335 1754 vi·

184 1792 267 1858 tium
289 1795 322 1857 et
343 1813 488 1856 serenum
511 1793 544 1856 in
568 1793 715 1859 nubilum
737 1794 887 1859 variatur.
933 1791 986 1858 Sic
1009 1797 1066 1859 tua
1087 1793 1219 1858 scientia
1234 1797 1266 1858 te
1281 1792 1335 1858 de-

185 1896 266 1981 cipit
286 1917 400 1980 arsque
431 1895 531 1976 fallit,
563 1898 608 1962 sic
630 1901 704 1962 tuus
735 1903 767 1962 te
799 1899 926 1982 quidem
958 1898 1045 1963 nitor
1077 1898 1275 1963 contaminat
1303 1901 1335 1962 et

148 2023 173 2060 15
189 1999 394 2086 pulchritudo
417 2001 583 2068 deformat.
629 2001 715 2068 Malo
738 2025 814 2088 ergo
837 2003 905 2068 sine
927 2004 1011 2069 vocis
1034 2003 1169 2068 artificio
1183 2024 1255 2068 cum
1270 2002 1336 2067 for·

186 2105 270 2176 mica
292 2107 429 2193 gaudere
450 2107 620 2191 prudentia
641 2131 736 2192 quam
759 2109 844 2174 vocis
867 2109 1008 2173 tonitruo
1029 2109 1171 2174 insanire
1185 2129 1257 2172 oum
1273 2106 1336 2171 asi·

186 2232 240 2290 no,
262 2232 299 2276 ac
322 2233 393 2276 oum
406 2212 519 2296 jubilo,
544 2215 670 2300 captiva
693 2235 824 2279 vernare
848 2235 918 2278 curn
946 2212 1127 2298 philomela,
1151 2213 1235 2277 malo
1250 2215 1335 2277 certe

186 2317 221 2381 in
244 2319 398 2381 aeternum
421 2339 486 2383 non
508 2317 597 2404 loqui
620 2341 715 2404 quam
737 2319 897 2384 locutione
913 2317 1131 2402 sempiternali
1145 2315 1337 2401 captivanda

186 2422 221 2486 in
244 2422 424 2516 superbiam
447 2423 538 2510 erigi.
585 2424 654 2501 Quo
678 2424 762 2489 dicto
785 2425 843 2489 sub
865 2423 943 2488 limo
965 2445 998 2488 se
1021 2420 1197 2488 abscondit.

147 2627 348 2697 incontra
379 2633 684 2717 superbientes
717 2657 762 2700 ex
786 2634 1009 2701 amicorum
1039 2623 1363 2709 multitudine,'

440 2737 591 2822 quibus
614 2743 830 2805 armantur
857 2741 901 2804 in
922 2740 1080 2806 malum.

417 2909 472 2976 De
494 2913 615 2997 pisos
636 2914 932 3000 superbiente,
960 2935 1027 2997 cap.
1055 2915 1103 2978 17.

273 3049 401 3135 Septem
430 3050 595 3117 ordinibus
625 3051 769 3118 dentium
799 3053 895 3138 piscis
925 3055 1066 3118 armatus
1099 3073 1170 3117 oum
1204 3050 1338 3116 vidisset

186 3156 286 3222 alium
297 3155 425 3240 piscem,
448 3157 551 3222 ensati
573 3157 638 3222 oris
661 3162 729 3224 arte
751 3162 873 3224 naturae
895 3157 1032 3256 oppositi
1054 3158 1216 3221 armatura
1230 3154 1337 3222 muni·

146 3265 275 3341 autum,
305 3283 416 3346 parum
445 3261 535 3329 iuxta
567 3263 719 3347 ejusmodi
748 3264 869 3348 positus
893 3263 967 3327 mali
991 3261 1165 3346 cupiditate
1187 3260 1285 3326 dixit:
1318 3283 1338 3326 o

186 3365 310 3431 utinam
334 3371 456 3432 naturae
478 3367 536 3433 ille
558 3368 715 3434 mirabilis
738 3391 808 3446 ars,
842 3389 912 3452 quaa
934 3370 1001 3432 tam
1025 3365 1204 3450 disparibus
1226 3365 1338 3429 formis
1453 3363 1469 3390 '

186 3492 266 3536 vena
288 3471 451 3555 sapientiae
474 3477 588 3539 cuncta
609 3473 709 3554 ludit,
737 3475 815 3539 satis
838 3474 925 3538 intus
949 3476 1071 3538 armato
1094 3471 1197 3536 dentis
1221 3470 1338 3534 valitu-

188 3577 262 3640 dine
292 3580 325 3640 et
352 3576 435 3642 hano
465 3578 546 3642 mihi
575 3577 692 3644 deforis
721 3578 908 3644 addidisset!
941 3577 1000 3642 cui
1031 3576 1113 3640 elius
1146 3573 1270 3658 inquit:
1305 3577 1338 3638 et
1400 3561 1404 3570 ’

189 3680 265 3765 quid
288 3701 395 3767 ageres
418 3681 516 3746 inde?
541 3681 616 3747 Mox
639 3683 709 3748 ille:
732 3683 814 3766 quod
838 3682 1001 3747 dedente.
1047 3679 1115 3756 Quo
1131 3679 1239 3745 audito
1258 3679 1339 3743 alter

148 3813 173 3850 ao
187 3786 368 3871 subjunxit:
389 3792 474 3853 certe
496 3786 592 3851 velles
614 3787 711 3852 utieo
734 3788 768 3851 in
792 3786 949 3871 superbia,
973 3790 1006 3852 et
1021 3786 1060 3850 ad
1076 3785 1214 3870 praedam
1231 3803 1337 3850 carere

187 3893 249 3960 tibi
270 3892 384 3958 melius
407 3897 456 3958 est
479 3915 574 3977 quam
597 3891 721 3957 habere.
768 3891 953 3977 Eligibilius
981 3890 1110 3975 quidem
1141 3892 1191 3954 est
1220 3888 1340 3973 privari

186 3999 271 4064 bono
301 4019 396 4082 quam
425 3997 474 4063 uti
503 3998 538 4061 in
570 3996 688 4062 malum
717 3997 810 4062 bono.
864 3995 958 4060 Malae
989 4016 1126 4078 namque
1161 3993 1337 4059 voluntatis

186 4103 317 4170 licentia
339 4101 493 4187 iniquitas
516 4106 581 4182 est,
613 4103 750 4187 complet
779 4102 863 4167 enim
897 4101 1077 4186 hujusmodi
1107 4097 1219 4164 habita
1246 4101 1337 4162 tanto

186 4211 359 4295 iniquitate
391 4209 522 4275 celerius
553 4212 672 4295 quanto
700 4208 782 4273 banc
812 4229 904 4294 agere
932 4205 1079 4292 sperabat
1108 4203 1242 4270 avidius.
1295 4201 1338 4265 Et

147 4319 319 4401 eapropter
342 4313 402 4382 hoc
423 4313 558 4400 sulphur
579 4334 669 4400 rogo,
692 4312 816 4399 gladius
839 4313 927 4379 fatuo
950 4313 1071 4397 iniquo.
1111 4309 1194 4386 Quid
1210 4327 1338 4391 exspec-

188 4426 276 4487 tatur
288 4420 361 4487 inde
376 4421 440 4487 nisi
454 4421 514 4502 ira,
537 4419 669 4503 sevitia,
685 4419 837 4486 violentia
852 4423 946 4504 atque
961 4417 1091 4504 praeda?
1122 4413 1236 4480 Dicam
1250 4431 1337 4498 ergo,
