3146 4962
807 315 872 378 258

539 485 594 551 De
616 487 718 572 lupo
740 491 778 552 et
802 486 944 565 asino‘,
968 487 1042 553 dial.
1068 491 1138 554 107.

353 625 462 711 Lupus
485 649 555 692 cum
579 627 676 693 asello
700 628 795 692 simul
818 629 979 706 sanabat,
1012 629 1067 693 ssd
1097 630 1205 694 asinus
1227 629 1433 715 simpliciter

265 733 398 817 desuper
428 731 610 808 laborabat,
648 731 741 815 lupus
778 737 884 797 autern
915 733 1074 797 malitiose
1105 733 1238 798 inferius
1267 735 1434 799 trahebat

265 836 396 920 cupiens
418 836 611 901 occasionem
636 837 789 914 invenire,
812 841 849 901 ut
872 837 996 902 asinum
1012 836 1185 903 devoraret.
1231 837 1326 904 Unde
1339 861 1432 923 que-

239 941 432 1006 srimoniam
462 941 539 1005 fecit
568 962 677 1005 versus
707 942 851 1006 asinum:
891 965 988 1028 quare
1022 943 1124 1008 mittis
1154 948 1348 1009 sarratnram
1391 945 1432 1008 in

265 1046 365 1111 oculis
387 1047 490 1110 meis?
521 1046 640 1110 Asinus
673 1048 855 1130 respondit:
887 1070 946 1133 ego
975 1048 1042 1113 haec
1071 1049 1133 1114 tibi
1155 1072 1219 1115 non
1241 1051 1339 1128 facio,
1367 1051 1432 1115 sed

265 1172 344 1235 pure
366 1173 487 1216 sarram
510 1151 670 1236 guberno,
694 1153 720 1216 si
744 1153 791 1216 vis
814 1157 851 1217 tu
874 1153 1008 1237 desuper
1031 1175 1162 1233 sanare,
1187 1155 1318 1241 gaudeo,
1342 1156 1434 1240 quia

265 1257 398 1322 inferius
420 1257 574 1342 operabor
596 1256 741 1324 fideliter.
788 1255 846 1322 Oui
869 1258 981 1342 lupus:
1004 1259 1127 1338 nescio,
1160 1259 1188 1323 si
1210 1259 1324 1346 dirigis
1346 1283 1430 1326 sar-

264 1365 405 1427 raturam
429 1364 464 1426 in
486 1362 585 1426 oculis
607 1363 703 1440 meis,
735 1369 807 1428 tuos
830 1386 947 1428 eruam.
993 1361 1198 1430 Sarrantibus
1221 1371 1327 1430 autem
1350 1367 1429 1431 illis

227 1491 252 1530 ιο
265 1468 360 1552 lupus
382 1468 510 1532 fortiter
531 1467 695 1532 insufflare
717 1469 813 1552 coepit
834 1491 928 1552 super
944 1473 1148 1548 serraturam,
1170 1475 1207 1534 ut
1222 1475 1429 1536 sarraturam

264 1572 299 1636 in
314 1573 415 1637 oculis
430 1574 507 1637 socii
522 1572 699 1650 mandaret,
722 1573 775 1637 sed
799 1578 930 1657 propter
948 1575 1185 1639 commissuram
1208 1576 1289 1661 ligni
1312 1597 1427 1642 sarra-

266 1680 340 1742 tura
363 1676 477 1742 cecidit
498 1679 532 1741 in
556 1677 663 1741 oculos
686 1678 773 1761 lupi,
795 1677 890 1762 lupus
913 1681 1019 1742 autem
1042 1700 1108 1764 prae
1131 1679 1238 1744 dolore
1260 1701 1293 1745 se
1315 1685 1427 1746 retor-

264 1785 307 1849 sit
329 1788 362 1848 et
381 1781 522 1866 juravit,
546 1786 584 1846 ut
605 1782 785 1848 vehiculum
808 1784 1041 1867 praecipitaret,
1064 1784 1117 1848 sed
1136 1785 1256 1868 judicio
1279 1785 1338 1849 Dei
1360 1807 1424 1870 pe-

264 1889 387 1954 netrale
407 1889 519 1954 cecidit
542 1891 574 1952 et
595 1888 707 1972 lupum
729 1889 889 1966 mactavit,
913 1887 1020 1953 asinus
1043 1893 1149 1953 autem
1171 1889 1286 1954 saliens
1309 1912 1343 1954 se
1363 1891 1423 1955 in-

226 2014 251 2053 re
266 1994 419 2059 columem
437 1993 635 2058 conservavit
658 1993 784 2057 dicens:
806 1993 900 2057 multi
917 1993 1024 2078 gladio
1040 1999 1202 2074 necantur,
1226 2017 1290 2078 quo
1305 2017 1423 2062 necare

134 2099 137 2108 ’
264 2099 468 2166 meditantur.
514 2097 566 2163 Sio
587 2097 673 2162 enim
697 2098 821 2163 faciunt
843 2098 1014 2178 malitiosi,
1047 2101 1102 2183 qui
1136 2101 1321 2182 expandunt
1349 2107 1420 2166 rete

263 2211 338 2274 ante
361 2205 467 2271 oculos
490 2204 665 2281 sociorum,
695 2206 732 2266 ut
761 2224 813 2266 eos
846 2202 1046 2267 fraudulente
1078 2205 1221 2288 capiant,
1256 2205 1310 2269 sed
1333 2206 1421 2271 sicut

263 2313 380 2378 Eccles.
404 2307 562 2376 xxvssu
587 2308 641 2392 qui
657 2311 750 2390 parat
765 2307 888 2372 foveam
904 2307 1049 2391 proxiino
1063 2329 1129 2382 suo,
1153 2309 1271 2374 incidet
1285 2311 1320 2374 in
1335 2333 1418 2377 eam.

262 2419 363 2484 Prout
384 2416 506 2500 Esopus
529 2414 637 2478 volens
659 2411 833 2490 ostendere,
856 2413 958 2495 quod,
984 2413 1038 2497 qui
1066 2413 1136 2478 vult
1158 2415 1302 2499 decipere
1324 2417 1416 2496 alioS,

225 2537 250 2576 ⁹⁰
263 2524 348 2590 Deus
371 2545 442 2588 eum
465 2518 582 2602 decipit
604 2523 637 2582 et
658 2519 796 2595 damnat,
821 2518 996 2582 introducit
1019 2517 1209 2602 exemplum,
1235 2520 1318 2603 quod
1342 2521 1416 2605 qui-

264 2631 336 2695 dam
363 2627 482 2692 furious
511 2625 601 2689 venit
630 2624 668 2688 ad
700 2621 818 2686 flumen
849 2627 881 2696 et
912 2645 974 2688 non
1009 2623 1147 2688 audebat
1175 2625 1262 2689 ultre
1291 2630 1414 2694 natare.

264 2735 359 2799 Hunc
389 2733 499 2796 videns
528 2752 607 2794 rana
636 2727 745 2793 volens
776 2751 847 2792 eum
876 2728 1019 2813 decipere
1050 2728 1147 2792 dixit:
1185 2729 1265 2795 bene
1294 2732 1414 2813 venias,

263 2845 362 2910 nater
384 2841 417 2902 et
439 2835 547 2911 amice,
572 2833 687 2898 dicitur
710 2833 805 2910 enim,
827 2832 927 2896 frater
949 2833 983 2896 in
996 2833 1154 2918 angustiis
1178 2836 1414 2918 comprobatur,

263 2946 347 3010 unde
369 2942 442 3008 veni
465 2961 604 3016 mecum,
630 2939 705 3022 quia
729 2937 818 3003 valde
840 2938 924 3005 bene
942 2941 1053 3002 natare
1075 2938 1149 3003 scio.
1196 2937 1333 3004 Credens
1356 2941 1418 3011 hoc

225 3073 250 3112 rs
264 3050 384 3115 furious
406 3044 552 3132 permisit
575 3065 608 3108 se
629 3042 726 3128 ligari
759 3063 830 3106 oum
853 3040 907 3105 filo
939 3041 978 3104 ad
1008 3041 1119 3123 pedem
1148 3063 1250 3121 ranas,
1282 3064 1417 3128 cumque

263 3156 429 3220 natassent
451 3152 485 3215 in
506 3149 674 3226 fluctibus,
697 3170 776 3214 rana
799 3146 1023 3232 submergebat
1046 3167 1080 3211 se
1108 3149 1140 3210 et
1162 3146 1300 3214 turicum
1323 3170 1416 3214 neca-

264 3263 329 3327 bat.
376 3257 504 3322 Interea
525 3254 642 3318 milvus
667 3254 799 3338 desuper
821 3253 949 3316 volabat
972 3256 1004 3315 et
1018 3252 1128 3316 videns
1142 3251 1280 3316 suricum
1298 3255 1417 3339 rapuit

263 3370 295 3431 et
316 3363 413 3430 simul
436 3384 507 3428 oum
532 3381 568 3425 eo
598 3359 698 3424 traxit
719 3381 830 3423 ranam
862 3361 895 3421 et
924 3361 1096 3441 utrumque
1123 3358 1268 3424 comedit.
1323 3359 1416 3424 Unde

263 3469 401 3554 Esopus:
424 3467 470 3532 sic
492 3467 631 3550 pereant,
654 3463 710 3546 qui
726 3483 759 3526 se
774 3460 919 3545 prodesse
933 3461 1076 3526 fatentur
1099 3465 1131 3526 et
1146 3461 1273 3541 obsunt,
1298 3469 1335 3528 ut
1350 3463 1415 3528 dis-

227 3598 253 3636 ao
267 3580 342 3643 cant
364 3576 398 3639 in
422 3575 583 3638 auctorem
606 3589 700 3654 poena
722 3567 824 3632 redire
846 3587 946 3631 suum.

544 3745 599 3811 De
621 3763 723 3808 urso
746 3745 785 3806 et
808 3743 928 3825 lupo,
952 3740 1026 3806 dial.
1053 3743 1125 3805 108.

353 3889 455 3955 Ursus
478 3886 658 3952 clamitavit
686 3885 797 3969 lupum
830 3884 868 3948 sd
897 3905 930 3948 se
952 3887 984 3948 et
1007 3885 1069 3949 ait:
1103 3904 1211 3947 sumus
1243 3903 1300 3946 nos
1332 3883 1419 3946 inter

263 3997 346 4062 feras
370 3994 539 4069 nominati,
568 3991 621 4056 sed
644 3993 671 4056 si
692 3990 787 4055 simul
811 3994 1048 4074 pernoctamus,
1074 3988 1189 4052 erimus
1212 3988 1316 4072 magis
1339 3986 1415 4050 sub·

260 4101 375 4167 limati.
421 4098 547 4164 Placuit
576 4098 628 4162 hic
651 4117 753 4168 sermo
784 4096 858 4180 lupo
888 4099 921 4159 et
944 4093 1176 4178 conjurationes
1215 4095 1248 4157 et
1279 4092 1412 4156 societa-

222 4228 247 4266 u
262 4212 326 4271 tem
349 4210 540 4272 statuerunt.
587 4202 689 4268 Ursus
713 4207 818 4267 autem
845 4199 1031 4266 informavit
1053 4199 1164 4281 lupum
1187 4196 1311 4261 dicens:
1343 4196 1416 4261 volo

261 4316 364 4376 tecum
388 4313 423 4376 in
446 4314 558 4377 aestate
584 4331 732 4386 manere,
765 4312 800 4372 tu
824 4329 917 4384 vero,
950 4306 1073 4389 dequo
1102 4305 1235 4368 venatus
1257 4301 1336 4382 eris,
1364 4323 1416 4366 ms
