3074 4952
816 324 879 385 240

267 493 425 558 Caesareus
447 493 548 559 bonos
570 495 604 558 in
628 495 729 578 ipsam
754 494 863 560 illatus
887 499 953 574 est,
988 516 1081 580 quem
1111 495 1156 559 sie
1183 496 1282 580 gessit
1305 500 1336 560 et
1359 496 1415 561 ad·

266 599 481 676 ministravit,
517 602 554 662 ut
582 599 623 663 ab
654 622 690 664 eo
719 603 879 683 tempore,
914 622 977 684 quo
995 599 1047 683 jus
1071 599 1195 684 imperii
1218 601 1251 664 in
1275 605 1416 666 nostram

266 705 428 768 nationem
451 705 589 782 transiit,
613 705 647 768 in
671 705 759 771 nulla
780 706 959 790 principum
983 705 1070 770 tribu
1093 709 1159 770 tam
1182 705 1276 770 multi
1294 705 1418 768 fuerint

266 807 401 873 Oaesares
424 829 519 891 quam
541 807 576 870 in
598 807 658 872 hac
679 811 793 873 restra.
841 807 894 873 Sic
916 809 1001 874 enim
1024 810 1121 873 hseret
1143 812 1239 893 atque
1262 809 1415 874 contiuuo

266 913 476 1000 progreditur,
501 911 591 997 [Xij]
615 937 633 978 a
656 913 766 978 multis
788 935 875 979 nuno
896 914 1008 992 annis,
1038 915 1070 976 in
1103 935 1139 978 ea
1170 915 1318 1000 splendor
1340 915 1414 992 iste,

265 1041 358 1103 quem
381 1017 528 1097 diximus,
552 1021 583 1082 et
605 1016 716 1095 bonos,
740 1021 777 1082 ut
798 1040 980 1103 quanquam
1004 1016 1196 1084 hereditaria
1219 1019 1416 1084 successione

265 1124 443 1189 transmitti
466 1143 531 1187 non
554 1127 674 1208 potest,
706 1124 803 1210 longo
825 1127 932 1188 tamen
956 1123 1066 1189 ordine
1089 1123 1234 1189 videatur
1256 1144 1340 1188 nunc
1363 1122 1414 1186 illi

264 1229 366 1293 faetus
388 1250 455 1293 esse
477 1226 645 1312 peculiaris
667 1249 705 1294 ac
727 1251 825 1314 prope
854 1229 1045 1315 gentilicius.

351 1333 458 1399 Crevit
480 1334 591 1398 deinde
615 1335 835 1412 matrimoniis,
860 1333 986 1417 quando
1009 1338 1093 1411 tuus,
1117 1333 1228 1412 Caesar,
1252 1355 1328 1398 avus
1342 1332 1414 1398 Ma-

256 1440 461 1521 similamus,
486 1439 590 1504 Caroli
613 1438 878 1525 Burgundionum
903 1438 990 1502 ducis
1013 1437 1112 1502 filiam
1134 1437 1278 1516 unicam,
1309 1438 1413 1522 pluri-

264 1566 386 1609 marum
409 1544 568 1608 dicionum
592 1547 623 1608 et
645 1543 940 1608 florentissimarum
961 1543 1125 1622 heredem,
1156 1563 1286 1608 uxorem
1309 1543 1411 1622 duxit,

264 1649 374 1713 invitis
397 1653 430 1712 et
452 1648 672 1713 resistentibus
695 1650 818 1733 aliquot
848 1669 972 1714 summa
1004 1647 1148 1731 potentia
1181 1648 1322 1730 praeditis
1354 1648 1413 1711 ad-

263 1753 417 1819 versariis.
465 1753 527 1829 Qui
549 1752 694 1836 quidem,
725 1753 752 1818 si
775 1774 831 1838 per
853 1753 1044 1819 affinitatem
1068 1757 1101 1817 et
1122 1752 1316 1816 connubium
1337 1751 1414 1816 illas
1531 1787 1534 1802 ·

263 1861 347 1944 ipsas
370 1857 506 1940 diciones
528 1879 599 1923 oum
623 1858 689 1923 suis
711 1859 882 1944 provinciis
907 1858 1162 1942 conjunxissent,
1188 1857 1269 1942 quod
1293 1860 1325 1920 et
1348 1857 1413 1920 rni-

264 1964 349 2026 nime
380 1961 508 2026 difficile
537 1961 681 2027 futurum
711 1966 778 2028 erat
807 1967 839 2028 et
861 1963 955 2028 multi
978 1962 1151 2028 suadebant
1173 1965 1205 2026 et·
1227 1985 1291 2026 non
1314 1961 1414 2026 semel

263 2067 469 2132 deliberatum
493 2065 566 2145 luit,
589 2088 654 2132 non
677 2073 719 2146 te,
743 2066 863 2147 Gaesar,
896 2068 989 2133 hodie
1010 2067 1261 2151 conspiceremus
1283 2061 1329 2130 i'ts
1350 2066 1412 2130 flo-

262 2177 385 2238 rentem
407 2193 464 2237 nee
486 2172 520 2236 in
544 2172 606 2237 isto
629 2173 796 2259 dignitatis
819 2175 919 2258 gradu
942 2174 1138 2238 collocatum.
1181 2169 1240 2236 Sed
1264 2172 1318 2254 qui
1341 2193 1411 2235 rem

261 2299 404 2356 omnem,
429 2280 464 2341 ut
486 2280 535 2342 est
557 2283 664 2363 gesta,
689 2279 818 2364 propius
841 2279 959 2344 intueri
981 2279 1076 2356 volet,
1099 2277 1183 2342 haud
1206 2277 1300 2342 dubie
1322 2298 1410 2342 com·

260 2385 371 2470 periet,
394 2383 427 2446 in
452 2381 526 2446 fatis
548 2383 594 2447 ita
616 2383 722 2462 firisse,
747 2389 783 2450 ut
805 2387 910 2448 vestra
933 2383 1042 2447 donrus
1065 2383 1098 2446 in
1123 2382 1310 2447 immensum
1324 2403 1410 2446 cres-

261 2492 353 2552 ceret.
401 2485 483 2551 Nam
506 2487 567 2551 etsi
589 2487 742 2570 praeclara
764 2486 808 2551 sit
837 2487 972 2552 accessio
1002 2487 1079 2564 illa,
1114 2485 1239 2568 qnando
1269 2507 1325 2569 per
1356 2507 1411 2551 ess

260 2593 389 2677 nuptias
404 2589 535 2656 Austris
556 2591 620 2655 fuit
638 2591 805 2675 conjuncta
821 2589 1016 2675 'Burgundiae
1038 2593 1070 2653 et
1092 2611 1156 2654 non
1179 2590 1300 2674 exiguae
1321 2591 1411 2672 parti

261 2696 372 2762 Gallim
394 2694 548 2780 Belgicae,
572 2695 673 2760 multo
697 2695 798 2778 major
820 2698 927 2760 tamen
950 2716 986 2760 ea
1009 2694 1081 2772 fuit,
1105 2716 1175 2759 cum
1197 2693 1281 2758 idem
1302 2693 1409 2758 Maxi-

260 2799 409 2864 milianus
437 2821 454 2861 e
480 2798 612 2883 conjuge
634 2798 839 2884 Burgundios
860 2802 972 2864 natum
994 2798 1056 2863 sibi
1085 2798 1186 2863 filium
1209 2797 1411 2882 Philippum,

258 2908 421 2990 parentem
445 2907 545 2982 tuum,
569 2903 689 2982 Caesar,
721 2904 924 2970 matrimonio
943 2903 1052 2988 junxit
1074 2903 1265 2968 Ferdinandi
1289 2902 1411 2986 Hispa·

128 3029 131 3036 ·
258 3011 384 3074 uiarum
408 3009 502 3094 regis,
525 3009 738 3092 potentissimi
763 3008 927 3093 principis,
950 3008 1025 3072 filiae
1047 3008 1164 3074 heredi.
1196 3008 1264 3084 Qua
1278 3009 1411 3093 quidem

259 3117 382 3180 ratione
405 3114 525 3180 factum
553 3119 617 3192 est,
652 3118 688 3178 ut
716 3113 865 3197 quicquid
889 3113 1019 3178 Carolus
1042 3134 1177 3196 proavus
1200 3117 1232 3176 et
1254 3113 1410 3197 quicquid

258 3220 474 3286 Ferdinandus
497 3241 572 3286 avus
595 3224 668 3283 tuus
692 3223 854 3284 maternus
877 3241 1016 3302 unquam
1040 3219 1254 3302 possederunt,
1276 3220 1280 3301 Ι
1300 3218 1332 3282 id
1355 3222 1410 3283 to·

258 3327 383 3392 tamin
406 3331 437 3391 te
460 3348 558 3391 unum
574 3325 732 3390 cumulate
747 3325 936 3408 pervenerit,
959 3325 1005 3389 ita
1021 3324 1157 3409 quidem,
1181 3327 1226 3402 ut,
1251 3323 1305 3407 qui
1323 3323 1411 3388 mul-

257 3433 395 3497 titudine
416 3431 650 3515 provinciarum
682 3434 714 3495 et
745 3431 955 3514 amplitudine
984 3431 1144 3495 dicionum
1176 3433 1208 3492 et
1238 3428 1412 3494 latissimis

822 3552 840 3590 Ἰ

258 3641 352 3723 [165]
376 3640 485 3724 depuis
508 3639 538 3704 le
560 3644 662 3723 temps
693 3661 753 3723 que
776 3641 805 3705 le
828 3641 912 3706 droit
935 3641 973 3706 de
994 3638 1146 3724 l'Empire
1169 3661 1188 3703 a
1210 3641 1276 3702 este
1298 3643 1411 3704 trans-

255 3745 321 3810 fere
344 3749 363 3809 b
386 3749 493 3810 nostre
515 3745 637 3823 nation,

820 3867 838 3908 s

254 3957 346 4021 desde
376 3955 405 4020 el
438 3957 555 4040 tiempo
587 3977 648 4041 que
671 3958 700 4021 el
723 3955 855 4021 derecho
879 3956 916 4020 de
939 3956 1037 4040 elegir
1059 3954 1287 4039 Emperadores
1311 3977 1411 4038 passo

254 4065 425 4124 arrnestra
449 4060 648 4144 ns[ll9]cion,

820 4181 837 4220 a

253 4273 334 4332 wort
356 4271 458 4353 geben
481 4276 580 4355 indige.
627 4270 669 4334 Es
698 4270 755 4335 hat
784 4270 838 4333 der
861 4268 1062 4353 Abnechlig,
1092 4267 1127 4333 Ε.
1152 4269 1195 4334 Μ.
1219 4291 1254 4334 so
1279 4271 1323 4334 vil
1347 4269 1410 4336 be-

253 4373 370 4455 folhen,
395 4377 441 4440 als
463 4374 586 4440 keinem
611 4375 780 4441 menschen
804 4375 871 4439 suff
892 4375 998 4452 erden,
