3172 4958
816 327 858 388 54

258 499 292 564 ni
320 499 475 578 turberis,
500 498 677 577 carissime,
700 497 780 562 illud
803 496 887 580 quod
908 495 986 562 olim
1008 497 1065 563 bos
1087 518 1161 564 urso
1183 498 1291 582 inquit
1306 511 1414 584 'appe-

257 607 341 670 tenti
364 626 496 670 cornua:
528 605 642 685 amice,
674 605 757 668 bona
779 608 855 668 sunt
877 623 1012 682 cornua,
1046 604 1101 669 sed
1123 625 1187 669 non
1209 603 1280 670 tibi.
1325 605 1414 681 Quin

257 711 323 775 imo
345 711 440 796 longe
463 710 575 774 melius
598 714 679 774 esset
701 709 772 787 tibi,
796 711 965 792 postquam
987 707 1188 774 naturalibus
1212 708 1310 774 armis
1332 709 1413 774 abu-

257 815 345 892 teris,
369 817 405 879 ut
421 814 549 878 omnino
566 813 714 879 dentibus
730 813 909 896 privareris.
955 810 1034 878 Cum
1056 813 1158 898 igitur
1179 816 1271 878 tuum
1285 814 1413 880 saeviret

184 929 190 941 “
231 939 311 985 acor
329 919 493 984 iracundia
515 939 617 1002 neque
637 917 784 982 valetudo
807 915 953 981 deficeret
975 937 1012 981 ac
1027 938 1098 982 cum
1114 917 1303 1002 sanguinem
1320 919 1411 984 dirus

257 1029 368 1090 venter
383 1029 556 1109 appeteret,
579 1025 656 1089 dens
671 1021 822 1106 nequitiae
837 1021 1048 1087 lacerantium
1064 1022 1193 1086 deesset.
1225 1020 1277 1087 Sic
1292 1022 1414 1106 quippe

256 1130 418 1198 facultatis
440 1128 564 1194 orbatio
587 1133 644 1195 aut
665 1128 869 1212 iniquitatem
892 1126 1065 1212 corrigeret
1093 1130 1150 1192 ant
1181 1127 1318 1210 sopiret,
1354 1132 1413 1194 aut

257 1235 341 1320 quod
363 1235 499 1321 amplius
523 1239 580 1314 cst,
605 1233 773 1320 potestatis
797 1232 974 1298 subtractio
996 1253 1078 1315 saepe
1100 1232 1182 1298 iram
1205 1233 1240 1296 in
1262 1253 1412 1300 mansne-

256 1340 400 1406 tudinem
423 1344 560 1406 verteret
589 1331 621 1403 et
643 1339 678 1402 in
700 1338 851 1402 virtutem
876 1337 994 1421 quietis
1018 1339 1238 1404 necessitatem
1260 1343 1410 1406 mutaret.

218 1463 244 1499 10
257 1445 410 1512 Attamen
440 1447 527 1514 cordi
557 1443 693 1529 pessimo
724 1443 818 1507 debet
849 1463 915 1508 esse
945 1463 1103 1527 organum
1137 1447 1206 1508 tam
1238 1446 1411 1522 armatum,

258 1550 403 1616 valetudo
433 1550 518 1616 enim
552 1548 754 1634 superbiendi
791 1547 924 1635 suscitat
957 1569 1068 1612 ausum
1101 1547 1281 1613 invadendi.
1335 1548 1413 1613 Mox

257 1655 432 1739 quemlibet
453 1655 586 1720 suscitat
616 1658 721 1718 actum
752 1657 784 1718 et
813 1652 946 1718 nocendi
978 1654 1133 1735 quantum
1163 1652 1243 1718 libet
1272 1653 1414 1736 complet

258 1759 413 1824 effectum.
460 1757 594 1824 Ocerte
617 1759 783 1836 miserum,
815 1758 866 1822 cui
888 1777 1017 1841 peccare
1039 1757 1166 1824 licebit!
1207 1757 1265 1822 Vae
1294 1758 1412 1841 quiex

258 1863 349 1928 bonis
373 1863 412 1929 ad
434 1864 556 1930 facinus
579 1885 612 1928 se
627 1865 747 1928 armat!
770 1862 828 1928 Vae
844 1862 900 1946 qui
915 1861 1088 1932 amicitiam
1106 1863 1284 1928 vincentem
1301 1863 1413 1928 omnia

219 1983 244 2022 1⁵
257 1968 358 2033 trahit
390 1968 424 2032 in
454 1969 635 2052 superbiam
664 1968 713 2033 vel
746 1969 786 2034 ad
808 1969 957 2054 praedam,
1004 1967 1089 2033 Huic
1119 1967 1264 2051 profecto
1288 1969 1412 2034 bonum

257 2075 457 2154 malmesb,
480 2076 621 2142 amicitia
643 2075 821 2156 inimicitia,
845 2076 900 2140 lux
923 2075 1064 2152 tenebra,
1088 2077 1228 2158 potestas
1248 2074 1411 2140 dementia

257 2184 290 2244 et
311 2180 380 2246 dira
401 2179 566 2250 calamitas
587 2182 626 2248 fit
647 2181 785 2248 fortuna.
834 2183 954 2260 Quibus
978 2180 1143 2248 elucidatis
1165 2181 1302 2247 secessit.

414 2453 416 2457 .
467 2389 625 2458 Contra
647 2390 952 2475 superbientes
975 2411 1020 2456 ex
1042 2389 1225 2494 robore..

474 2566 530 2632 De
552 2566 798 2634 rinocerote
820 2570 860 2631 et
882 2587 1021 2646 corvo,
1045 2586 1113 2651 cap.
1140 2567 1190 2629 18.

218 2719 243 2757 ²⁰
345 2703 504 2789 Superbus
526 2705 686 2790 rinoceros
716 2727 753 2770 ex
775 2706 915 2771 maximo
936 2704 1050 2772 robore
1071 2724 1172 2770 cornu
1193 2702 1243 2768 sui
1266 2723 1339 2766 cum
1360 2703 1412 2768 vi-

257 2808 355 2873 disset
383 2831 511 2874 corvum
542 2832 636 2896 super
666 2833 777 2895 rupem
809 2813 985 2895 quiescere,
1020 2831 1095 2876 mox
1124 2831 1197 2876 eum
1229 2809 1412 2892 praesumsit

257 2912 339 2977 ictus
362 2912 393 2976 vi
416 2912 498 2978 mira
520 2914 719 2994 subvertere,
751 2919 788 2980 ut
820 2915 994 2983 siccorum
1017 2914 1075 2980 illo
1104 2937 1137 2980 se
1170 2915 1208 2980 de
1231 2913 1336 3000 gloria
1357 2934 1413 2978 ro·

257 3016 344 3082 boris
367 3020 552 3086 ostentaret.
598 3019 677 3086 Cum
711 3019 811 3106 igitur
843 3041 928 3088 nunc
959 3019 1113 3090 fulmineo
1142 3020 1267 3105 impetu
1300 3039 1412 3084 cursus

257 3121 450 3207 rapidissimi
476 3124 696 3208 percussisset,
729 3129 868 3209 apetrss
889 3125 1067 3193 resistentis
1089 3125 1209 3194 duritia
1231 3125 1266 3190 in
1289 3126 1409 3190 semet·

218 3244 243 3282 2⁵
257 3228 362 3312 ipsum
394 3227 511 3294 virium
539 3219 759 3296 reverberante
789 3229 934 3296 acumine
961 3229 1062 3315 fregit
1095 3250 1195 3298 cornu
1225 3233 1258 3294 et
1293 3229 1412 3296 doloris

124 3349 140 3374 ⁸
257 3335 396 3418 pondere
423 3357 488 3402 nna
518 3357 590 3401 cum
618 3337 725 3402 laxato
754 3357 885 3420 corpore
916 3336 1036 3402 victum
1068 3335 1179 3400 statim
1211 3335 1302 3401 humi
1323 3335 1413 3402 dedit

257 3440 365 3506 robur.
411 3438 469 3505 oui
499 3440 627 3524 quidem
658 3442 759 3507 tantis
792 3440 955 3514 doloribus
985 3440 1185 3506 decumbenti
1209 3462 1320 3508 corsus
1342 3442 1430 3510 risu,

190 3547 193 3552 '
257 3565 382 3628 sparsus
405 3549 530 3626 eventu,
555 3546 661 3612 minus
677 3567 856 3630 compassus
871 3567 975 3629 passo,
997 3544 1058 3610 hoc
1079 3545 1214 3630 desuper
1236 3545 1322 3612 ludit
1343 3548 1410 3614 elo-

257 3648 368 3731 quium
379 3669 567 3714 onerosum:
591 3650 749 3720 rinoceros
765 3648 864 3713 frater
878 3649 933 3728 mi,
949 3647 1005 3714 ubi
1020 3652 1068 3713 est
1078 3669 1176 3717 cornu
1192 3649 1411 3732 praevalidum,

218 3769 244 3807 ⁸⁰
257 3752 313 3819 ubi
336 3752 433 3817 robur
455 3752 670 3837 stupendum?
699 3752 863 3818 Nimirum
886 3753 961 3836 quia
992 3753 1026 3816 in
1049 3773 1113 3818 nno
1136 3752 1272 3836 posuisti
1294 3757 1410 3833 totum,

258 3877 329 3922 oum
357 3878 421 3922 uno
451 3857 574 3942 perdito
605 3878 678 3922 mox
708 3861 740 3922 eb
770 3857 907 3922 amisisti
938 3859 1052 3922 totum.
1097 3855 1289 3936 Nescivisti‚
1325 3861 1410 3943 quod

257 3961 394 4045 paucilla
416 3965 464 4026 est
487 3963 622 4047 cujusvis
646 3963 756 4040 virtus,
781 3962 844 4026 nisi
866 3962 966 4046 major
988 3965 1021 4027 et
1043 3947 1128 4026 adsit
1150 3962 1249 4031 animi
1272 3963 1410 4031 similis?

258 4065 339 4132 Tota
362 4088 499 4151 namque
521 4067 578 4133 illa
599 4068 682 4134 mira
705 4068 751 4133 vis
775 4066 958 4150 Sampsonis
987 4088 1053 4132 non
1072 4067 1113 4132 ab
1128 4067 1253 4132 ossibus
1270 4068 1408 4155 quidem,

257 4171 420 4239 sederata
442 4173 559 4256 spiritu
583 4174 617 4238 in
641 4173 774 4258 capillis.
821 4172 934 4238 Virtus
957 4175 1063 4243 autom
1085 4172 1220 4256 spiritns
1243 4173 1409 4240 humilitas
1471 4177 1475 4182 '

217 4289 242 4328 ³⁶
257 4278 323 4354 est,
352 4276 419 4342 haee
452 4277 537 4344 enim
564 4278 649 4344 basis
683 4284 716 4346 et
746 4279 989 4347 fundamentum
1012 4281 1061 4344 cst
1081 4279 1222 4362 corporis
1251 4282 1284 4344 et
1306 4280 1409 4344 virtu·

257 4375 358 4456 tum'
383 4381 489 4469 Igitur
511 4405 583 4450 cum
607 4407 644 4450 ex
667 4384 817 4471 superbia
839 4385 910 4470 quis
925 4383 1061 4465 tollitur¹
1085 4387 1190 4453 totum
1213 4404 1321 4450 verum
1337 4404 1409 4450 cor·
