3082 4938
693 317 755 378 213

138 488 267 554 ridinnn
289 489 404 555 elarius
428 492 489 554 est.
536 490 612 566 Qure
635 488 761 572 quidem
786 488 934 572 superbie
962 493 1030 554 tem
1061 489 1144 556 foede
1172 490 1301 557 miserit

137 595 258 673 omnis,
282 593 429 660 confudit
452 599 486 658 et
509 594 658 670 turbarit,
681 597 774 659 tante
797 615 922 678 quoque
943 595 1094 660 vitiorum
1109 602 1142 661 et
1157 618 1299 662 errorum

113 700 293 764 ,colluvies
316 701 357 764 ab
385 699 448 764 hoe
478 699 627 782 pestifero
658 698 747 763 fonte
779 699 967 764 redundavit
1002 702 1034 766 in
1070 723 1178 767 omnes
1213 703 1298 768 orbis

140 805 319 870 Christiani
341 805 543 890 provincias,
577 807 613 867 ut
644 803 738 867 hodie
768 805 878 889 magni
900 805 996 870 etism
1020 807 1080 871 viri
1104 807 1218 891 seepius
1241 809 1298 872 ob-

140 913 337 994 stupescant,
361 914 394 974 et
415 931 522 974 seeum
539 908 721 988 deliberent,
746 931 809 994 que
824 911 1024 994 potissimum
1041 914 1164 978 ratione
1179 915 1298 979 melum

141 1014 229 1079 istud
252 1019 319 1080 tem
341 1018 471 1080 taetrum
494 1019 526 1078 et
549 1015 761 1078 inveteratum
788 1016 892 1079 enrari
915 1017 1024 1100 possit.
1053 1019 1162 1096 'Quod
1193 1019 1298 1102 ipsum

142 1121 289 1204 exemplo
311 1119 403 1184 nobis
425 1141 492 1184 esse
514 1119 607 1184 debet
628 1119 777 1202 omnique
799 1121 998 1201 posteritati,
1029 1126 1066 1186 ut
1088 1125 1215 1188 rideant
1238 1124 1296 1190 he·

141 1225 264 1301 mines,
301 1246 396 1308 quem
427 1223 591 1288 horrendae
612 1223 751 1288 tenebrae
774 1228 947 1289 noscentur
969 1247 1007 1289 ex
1030 1226 1092 1290 ists
1113 1229 1244 1294 lieentia
1267 1233 1299 1294 et

139 1330 333 1406 temeritate,
356 1350 429 1394 enm
452 1329 608 1414 evangelii
631 1329 776 1393 doctrine
799 1330 924 1413 rapitur
946 1330 984 1395 ed
1009 1337 1184 1414 quaesturn,
1208 1338 1241 1398 et
1263 1335 1297 1398 in
1377 1401 1389 1413 ,

138 1435 331 1499 traditiones
353 1433 510 1500 humanos
533 1435 663 1498 omnino
686 1433 864 1518 degeneret.

230 1539 392 1618 Socrates,
423 1539 479 1603 ille
498 1538 662 1622 sapientire
685 1537 777 1604 leude
800 1538 1011 1619 clarissimos,
1043 1541 1090 1606 eit
1112 1543 1206 1606 telem
1232 1565 1300 1607 esse

141 1644 286 1710 hominis
308 1647 476 1721 naturam,
509 1645 567 1719 ut,
602 1643 628 1706 si
659 1645 849 1726 potestatem
871 1665 995 1708 omnem
1020 1648 1104 1711 solus
1127 1645 1242 1712 habeat
1265 1652 1297 1712 et

139 1772 200 1834 pro
224 1771 283 1814 sno
304 1748 464 1813 arbitratu
488 1747 559 1811 eliis
582 1747 737 1830 imperare
752 1747 862 1830 possit,
885 1747 997 1811 evadet
1013 1751 1174 1832 superbus,
1199 1751 1297 1831 ferox,

142 1852 358 1920 intolerabilis
380 1875 416 1918 ee
440 1853 534 1936 plene
556 1855 721 1936 tyrannus.
766 1848 835 1916 Nee
856 1852 940 1915 enim
963 1857 1011 1916 est
1040 1854 1196 1938 cujusvis,
1228 1877 1296 1920 mo-

141 1961 252 2026 derate
275 1962 308 2023 et
329 1957 530 2042 aequebiliter
552 1956 634 2022 ferre
656 1977 841 2039 prosperum
870 1955 1006 2020 fortunae
1035 1979 1169 2024 cursum.
1218 1963 1296 2039 oui·
1353 1947 1362 1960 ⁶

142 2087 269 2150 cunque
290 2065 295 2145 Ι
314 2063 446 2128 fuerunt
468 2061 567 2146 igitur
589 2060 724 2146 singulis
747 2060 941 2142 temporibus
964 2061 1085 2126 loudeti
1108 2086 1214 2150 regeS,
1246 2070 1295 2130 et·

144 2193 207 2256 qne
228 2167 388 2254 principes
412 2187 476 2231 non
500 2165 685 2248 poenitendi,
710 2164 793 2230 viros
816 2164 915 2230 honos
937 2166 971 2229 in
990 2169 1156 2233 eonsilium
1172 2191 1296 2254 semper

715 2287 732 2325 ss

144 2380 192 2446 sie
215 2379 281 2444 sieh
302 2400 374 2443 zum
396 2378 514 2442 letsten
537 2371 616 2441 fiber
645 2373 861 2440 mensehliehe
892 2379 988 2440 natur
1016 2378 1081 2442 und
1110 2399 1211 2443 wesen
1237 2401 1295 2444 sn·

142 2489 309 2570 gemmet,
332 2484 413 2550 sneh
437 2505 494 2548 vor
516 2481 650 2546 irdische
666 2479 729 2546 Get
751 2481 854 2545 haben
878 2481 992 2546 wellen
1014 2481 1129 2546 erkent
1151 2485 1216 2547 und
1239 2506 1295 2569 ge-

141 2591 253 2656 hslten
275 2591 355 2665 sein,
377 2588 437 2652 wie
459 2586 545 2652 denn
568 2585 672 2650 solehs
695 2586 854 2650 iedermen
870 2586 994 2671 htindig
1009 2587 1089 2652 eueh
1104 2589 1295 2653 nevernein-

140 2695 206 2760 lieh
229 2694 281 2758 ist.
327 2692 435 2759 Dsher
465 2693 549 2756 denn
579 2690 685 2756 solehe
714 2687 815 2755 ndste
844 2691 1068 2775 vermisohung
1090 2693 1155 2757 und
1178 2715 1294 2758 verun—
1354 2755 1357 2761 .

140 2799 314 2884 reinignng
336 2799 415 2864 oller
437 2799 524 2882 ding,
548 2798 645 2862 durch
669 2798 723 2874 sie,
751 2798 786 2861 in
810 2797 860 2861 die
882 2798 956 2862 welt
979 2797 1217 2883 ausgesehttttet
1240 2800 1291 2878 ist,

139 2903 196 2968 dns
219 2925 294 2967 men
317 2903 444 2986 heutigs
467 2905 539 2987 tege
562 2901 611 2965 nit
633 2900 695 2966 wol
718 2901 814 2977 weis,
848 2901 924 2980 wie,
952 2901 1027 2966 oder
1049 2925 1098 2967 wo
1121 2925 1212 2968 mens
1234 2927 1291 2968 sn-

141 3007 279 3094 greiffen
301 3009 357 3072 sol.
392 3005 520 3072 Welehs
536 3028 597 3072 uns
620 3007 684 3072 und
707 3028 843 3071 unseren
866 3007 1134 3088 nsehhomenden,
1159 3031 1194 3074 so
1217 3011 1294 3096 lang

138 3113 191 3178 die
213 3112 290 3178 weit
312 3112 423 3178 stehen
445 3108 539 3190 wdrt,
561 3116 599 3178 et
622 3112 724 3178 einem
747 3112 869 3196 ewigen
885 3110 1036 3198 Exempel
1057 3115 1121 3178 und
1137 3135 1294 3200 warnung

138 3218 256 3284 dienen
278 3218 335 3296 sol,
358 3221 397 3283 eri
420 3218 589 3297 erkennen,
613 3241 678 3284 nes
701 3238 833 3304 grossen
853 3217 987 3300 jemers,
1016 3218 1080 3282 und
1103 3219 1164 3282 wie
1186 3239 1294 3302 grosse

139 3323 306 3388 {insternis
328 3323 362 3388 in
386 3321 471 3388 allen
494 3323 612 3409 dingen
634 3317 811 3400 fdrfellet,¹
830 3345 922 3388 wenn
953 3324 1003 3389 die
1025 3323 1089 3389 lere
1112 3325 1165 3388 des
1189 3323 1294 3388 Even-

138 3428 205 3514 geli
237 3429 493 3514 vernnreiniget,
529 3428 593 3493 und
617 3428 728 3494 Gottes
757 3428 841 3506 lere,
876 3429 910 3491 in
942 3428 1111 3495 menschen
1135 3429 1199 3493 lere
1224 3451 1292 3494 ver·

140 3533 233 3598 heret
255 3533 339 3597 wint.

227 3636 293 3702 Der
315 3637 595 3722 hoehverndnfftig
617 3637 762 3702 Soeretes
785 3641 879 3723 segt,
913 3659 945 3702 es
975 3639 1020 3702 sei
1051 3640 1126 3704 umb
1148 3639 1293 3704 mensch·
1331 3623 1332 3628 ἵ

138 3742 221 3808 liche
244 3746 339 3807 netur
362 3744 429 3807 else
452 3743 580 3828 gethon,
603 3747 695 3806 wenir
719 3742 820 3808 einem
845 3744 1013 3808 menschen
1039 3745 1144 3823 ellein,
1170 3745 1225 3808 des
1244 3767 1293 3808 re-

138 3849 264 3934 giment
285 3869 326 3912 on
351 3847 436 3912 silon
460 3869 578 3933 suszog
598 3848 663 3912 und
686 3847 857 3912 widerrede
880 3847 1066 3933 zdgestellet
1087 3849 1147 3926 ist,
1170 3871 1206 3914 so
1229 3849 1291 3912 hen

137 3975 171 4018 es
193 3954 245 4018 nit
267 3953 380 4019 endere
404 3952 555 4038 zdgehen,
579 3973 613 4017 er
636 3954 709 4017 wirt
732 3953 836 4030 stoltz,
861 3953 1022 4036 hoffertig,
1045 3953 1130 4029 wile,
1159 3953 1292 4030 toreeht,

138 4058 322 4137 unleidlieh,
346 4057 413 4124 und
437 4059 497 4122 wie
518 4080 591 4122 man
615 4058 806 4143 gemeinlieh
828 4063 910 4142 sagi,
935 4058 997 4122 ken
1022 4081 1056 4122 er
1078 4059 1128 4123 die
1145 4064 1222 4144 grite
1237 4062 1294 4144 teg

137 4157 210 4228 seer
235 4161 349 4240 leiden,
372 4161 512 4240 Summe,
536 4183 661 4226 ermes
686 4167 757 4228 etim
780 4167 938 4247 tyrannen
962 4168 1103 4248 gersten.
1151 4161 1293 4228 Darumb

137 4267 194 4333 hst
216 4267 298 4332 sueh
322 4267 376 4332 nie
399 4265 473 4331 lrein
497 4265 609 4332 Keiser
631 4268 707 4332 oder
730 4267 839 4352 Ktoig
869 4268 997 4334 solehen
1027 4271 1144 4356 gewelt
1174 4267 1293 4354 gehebt

136 4373 252 4460 (ister
275 4371 481 4439 anderstein
511 4373 634 4437 reehter
657 4373 765 4458 Kenig
795 4377 954 4460 genesen)
985 4375 1039 4438 des
1068 4396 1102 4438 er
1133 4375 1165 4438 in
1199 4374 1292 4438 sllem
