3146 4962
695 313 759 376 225

152 507 224 550 rare
245 505 317 550 eum
341 483 461 548 volavit
483 485 524 550 ad
546 485 671 570 agonias
694 489 727 549 et
749 505 821 549 cum
843 485 883 548 iis
906 485 1107 552 familiariter
1121 485 1249 552 sedebat
1271 489 1305 552 et

152 591 290 656 humane
311 591 610 656 sermocionabatur.
658 588 786 674 Agaziae
813 611 938 674 quoque
968 590 1003 654 in
1037 591 1097 657 hoc
1126 591 1302 676 plurimum

151 696 353 774 laetabantur,
377 697 539 780 cupientes
562 700 594 761 et
609 697 686 778 iprae
701 697 823 778 garrire
838 694 1038 779 humaneque
1060 697 1158 781 loqui.
1204 697 1297 762 Unde

152 802 347 868 unanimiter
370 801 589 867 clamaverunt
610 799 716 884 picam
739 799 778 864 ad
801 821 834 864 se
856 800 948 884 eique
964 800 1132 866 dixerunt:
1154 788 1318 866 volumus

126 913 185 973 set
206 913 239 974 te
260 909 377 973 obnixe
399 927 573 992 precamur,
598 909 636 969 ut
657 905 767 970 doceas
790 926 848 970 nos
872 906 969 990 loqui,
994 911 1031 971 ut
1051 907 1248 991 tuloqueris,
1271 912 1305 973 et

152 1013 289 1096 pretium
311 1012 373 1077 tibi
394 1012 434 1077 ad
456 1011 587 1076 libitum
611 1010 849 1075 constituemus.
897 1011 1018 1088 Quibus
1033 1013 1123 1095 pica:
1146 1033 1210 1076 non
1225 1035 1299 1096 pos-

154 1140 223 1183 sum
245 1118 335 1184 vobis
359 1111 548 1202 respondere
571 1116 728 1200 plenarie,
752 1115 816 1180 nisi
837 1115 944 1180 locuta
966 1116 1056 1182 fuero
1078 1139 1151 1182 cum
1172 1117 1300 1183 doctore

152 1245 231 1304 meo,
254 1223 310 1307 qui
333 1245 383 1288 me
405 1222 531 1299 docuit3
553 1224 770 1286 verumtamen
793 1220 821 1284 si
844 1222 1011 1286 convolare
1026 1244 1148 1287 mecum
1172 1223 1300 1307 cupitis,

151 1351 207 1395 vos
229 1329 359 1413 recipiet
382 1328 449 1413 ipse
469 1327 632 1392 curialiter
654 1329 687 1392 et
701 1325 835 1404 docebit,
858 1329 895 1390 ut
910 1326 1003 1392 docta
1017 1348 1087 1392 sum
1104 1349 1171 1413 ego.
1211 1329 1301 1414 Aga-

111 1458 138 1494 ιο
152 1437 208 1500 ziae
231 1439 335 1500 autem
358 1433 493 1500 credula
513 1432 605 1498 factae
619 1453 690 1497 curn
706 1431 777 1514 pica
793 1432 1049 1497 convolaverunt.
1094 1433 1179 1498 Dum
1195 1439 1300 1500 autem

151 1542 191 1606 ad
215 1541 342 1606 domum
364 1539 436 1625 pica
459 1537 665 1622 repatriaret,
698 1536 765 1602 baec
788 1536 895 1602 omnia
917 1539 1068 1604 reseravit
1090 1539 1218 1605 domino
1243 1562 1300 1606 suo

151 1650 183 1712 et
205 1647 270 1710 ait:
301 1645 378 1710 vade
407 1648 439 1709 et
470 1663 614 1727 praepara
636 1641 717 1706 retia
739 1645 795 1706 tua
824 1645 857 1706 et
887 1663 956 1707 eum
982 1643 1100 1729 aganiis
1121 1645 1155 1708 in
1179 1645 1301 1711 retibus

151 1751 280 1816 evolabo
296 1770 363 1835 ego.
403 1747 531 1834 Agaziae
546 1767 620 1812 vero
635 1745 806 1811 audiebant
820 1746 989 1840 verbakneo
1004 1747 1239 1835 intelligebant,
1263 1773 1300 1816 ea

149 1860 280 1942 propter
289 1854 400 1939 [nihil]
409 1854 585 1920 titubantes
593 1852 739 1918 alacriter
749 1851 932 1938 pergebant.
967 1851 1094 1918 Interea
1105 1860 1237 1922 venator
1249 1879 1299 1922 re·

110 1981 137 2020 rs
150 1963 196 2026 tia
218 1984 275 2027 sua
297 1960 401 2026 tendit
423 1963 455 2024 et
476 1959 548 2044 pica
565 1959 604 2024 ad
620 1957 743 2043 agazias
766 1978 890 2022 reversa
912 1961 961 2022 est
983 1957 1106 2024 dicens:
1129 1960 1221 2040 nihil,
1246 1983 1298 2026 so-

150 2090 255 2147 rores,
278 2067 448 2144 dubitetis,
486 2066 539 2130 sed
569 2086 692 2130 mecum
713 2085 820 2128 secure
847 2065 1031 2144 convolate,
1064 2067 1140 2149 quia
1170 2067 1299 2153 pacifice

151 2151 255 2238 locuta
277 2193 347 2236 snm
369 2192 441 2235 cum
463 2171 590 2234 doctore
613 2189 692 2246 meo,
717 2168 772 2251 qui
795 2189 852 2234 nos
875 2169 1050 2254 gaudenter
1069 2172 1209 2256 recipiet.
1256 2172 1300 2238 Et

151 2299 223 2342 cum
247 2277 280 2340 in
301 2276 421 2340 retibus
444 2295 552 2338 omnes
581 2295 614 2338 se
635 2273 812 2351 misissent,
845 2276 977 2338 venator
992 2276 1073 2340 retia
1095 2297 1190 2362 super
1212 2277 1298 2362 ipsos

150 2382 284 2448 revolvit
306 2403 420 2466 easque
445 2381 543 2464 cepit,
568 2378 726 2458 vendidit,
750 2401 844 2462 seque
867 2379 981 2444 ditarit
1004 2380 1126 2446 dicens:
1160 2404 1317 2467 quorum¹

108 2509 136 2546 so
149 2486 234 2552 dicta
256 2508 320 2551 non
344 2490 524 2570 captamus,
554 2485 649 2550 fidem
671 2484 737 2548 illis
759 2505 922 2568 nunquam
945 2483 1065 2552 damus.
1111 2485 1163 2552 lta
1185 2492 1218 2552 et
1239 2509 1297 2552 nos

148 2614 257 2658 cavere
280 2592 427 2657 debemus
449 2591 543 2655 fidem
566 2591 640 2655 dare
663 2588 766 2654 verbis
789 2588 937 2667 illorum,
970 2593 1025 2674 qui
1058 2593 1222 2658 nobiscum
1246 2614 1297 2658 so-

147 2699 283 2784 phistice
306 2702 337 2762 et
359 2697 524 2783 ingeniose
546 2696 730 2780 loquuntur.
777 2693 859 2770 Quia
873 2694 989 2760 dieitur
1004 2694 1153 2762 Proverb.
1170 2695 1297 2764 XXIX:
1401 2761 1409 2777 ,

147 2806 262 2884 homo,
293 2805 348 2888 qui
379 2801 503 2868 blandis
532 2799 677 2884 fictisque
710 2798 910 2864 sermonibus
939 2799 1081 2883 loquitur
1102 2803 1204 2868 amico
1227 2825 1294 2883 suo,

146 2915 214 2976 rete
236 2908 389 2994 expandit
403 2907 535 2992 pedibus
551 2907 625 2972 suis.
671 2904 836 2989 Idemque:
858 2904 961 2970 malus
978 2905 1083 2985 home,
1107 2909 1162 2992 qui
1179 2908 1294 2974 blande

106 3016 300 3101 aloquitur,
323 3014 486 3078 innocenti
509 3013 639 3096 laqueus
662 3015 719 3075 est.
765 3009 858 3075 Unde
881 3010 1010 3094 quidam
1032 3012 1170 3079 leccator
1185 3014 1294 3080 ridens

147 3121 300 3194 rusticum
328 3122 512 3203 portantem
544 3138 662 3202 agnum
694 3116 735 3181 ad
766 3116 869 3181 forum
902 3117 1062 3198 venalem,
1094 3119 1176 3183 dixit
1204 3119 1296 3185 sociis

147 3225 227 3290 suis:
248 3225 347 3291 vultis
370 3225 485 3294 habere
507 3243 638 3308 agnum,
662 3241 755 3305 quem
770 3225 879 3305 portat
902 3222 1039 3286 rusticus
1063 3223 1140 3288 ille?
1161 3221 1207 3287 At
1229 3224 1294 3289 illi:

14 3325 17 3330 ’
145 3331 299 3396 volumus.
345 3330 389 3396 Et
409 3330 478 3413 ipse
498 3327 654 3413 disposuit
676 3328 776 3392 socios
796 3348 853 3412 per
884 3327 1007 3392 diversa
1037 3327 1122 3406 loca,
1154 3328 1193 3393 ad
1225 3351 1295 3412 quae

146 3437 282 3501 rusticus
305 3439 374 3501 erat
393 3439 556 3513 venturus,
580 3434 706 3512 dicens,
730 3434 813 3518 quod
830 3433 966 3520 quilibet
988 3432 1117 3499 illorum
1140 3439 1294 3519 quaereret

105 3561 165 3604 noa
195 3540 333 3618 rustico,
368 3540 395 3604 si
423 3539 519 3604 vellet
551 3561 661 3604 canem
689 3537 781 3604 illum
808 3539 952 3606 rendere.
997 3538 1040 3604 nt
1070 3560 1142 3604 cum
1173 3539 1294 3623 primus

146 3649 318 3729 quaereret,
341 3645 504 3728 respondit
526 3645 682 3724 rusticus,
707 3645 791 3728 quod
813 3667 878 3710 non
901 3650 971 3711 erat
994 3645 1081 3710 canis
1104 3645 1157 3710 sed
1180 3668 1293 3732 agnus,

145 3752 199 3816 sed
229 3772 300 3815 oum
322 3749 507 3833 quesissent
529 3750 585 3815 alii
607 3751 773 3829 similiter,
804 3751 844 3815 ad
866 3752 1017 3817 ultimum
1040 3751 1174 3816 credidit
1196 3751 1293 3816 rusti·

143 3877 197 3921 cus
220 3855 258 3920 de
280 3876 383 3940 agno,
415 3853 498 3938 quod
531 3859 614 3920 esset
644 3855 741 3921 canis.
789 3854 840 3921 Sic
874 3857 960 3921 enim
991 3854 1139 3921 nonnulli
1161 3855 1293 3920 credunt

144 3961 268 4038 omnia,
301 3981 370 4044 quae
401 3957 463 4022 sibi
497 3957 663 4040 dicuntur,
697 3960 780 4044 quod
815 3964 864 4025 est
897 3960 1070 4025 maximum
1107 3959 1291 4044 pericnlum.

103 4065 278 4150 eapropter
310 4065 391 4148 qnod
424 4062 541 4128 dicitur
563 4062 681 4130 Eccles.
705 4063 801 4128 XIX:
834 4086 898 4129 non
930 4066 1037 4131 credas
1067 4065 1154 4130 omni
1186 4065 1291 4144 verbo,

142 4170 251 4236 sedin
277 4171 365 4236 omni
386 4169 473 4236 facto
496 4169 687 4235 intuendum
709 4173 759 4234 est
781 4169 819 4234 de
841 4169 1056 4254 possibilitate
1086 4174 1119 4236 et
1149 4171 1188 4235 de
1218 4170 1291 4252 fine,

141 4281 237 4360 prout
259 4277 293 4341 in
316 4277 426 4342 fabula
447 4276 584 4361 quadam
606 4275 763 4357 refertur,
787 4277 868 4360 quod
892 4298 997 4343 mures
1020 4278 1164 4344 fecerunt
1187 4277 1291 4343 eonsi-

141 4380 229 4462 lium,
254 4385 291 4447 ut
313 4383 452 4450 lacerent
474 4405 658 4469 campanam
681 4388 713 4450 et
734 4387 890 4471 ponerent
912 4405 981 4450 eam
1003 4382 1044 4450 ad
1061 4382 1178 4450 collum
1202 4382 1289 4450 cotti.

193 4501 354 4546 naamon
1041 4493 1080 4552 15
