3146 4962
717 382 780 444 aba

173 553 313 633 satiabis,
337 575 397 639 ego
420 557 523 618 autem
552 553 586 616 in
609 553 688 618 cella
711 559 744 618 te
766 553 967 633 refocillabo,
999 555 1074 640 quia
1095 556 1217 639 optime
1240 577 1322 640 praa-

173 662 302 742 paratus
326 680 396 723 sum
419 659 452 722 in
475 659 605 744 hyeme,
629 660 713 737 nolo,
740 661 824 744 quod
846 681 1029 743 permaneas
1052 661 1086 725 iu
1109 661 1319 745 pruinarum

172 761 296 848 algore,
320 762 373 826 sed
396 763 429 826 in
452 785 586 827 caverna
609 785 730 828 mecum
746 765 930 848 epulaturus
946 765 1016 830 eris.
1063 763 1204 829 Credidit
1226 765 1321 848 lupus

171 871 202 931 et
225 889 283 951 pro
305 868 426 933 viribus
450 868 633 947 venabatur,
656 875 692 933 ut
715 891 748 933 se
771 874 803 933 et
825 891 934 933 ursum
957 873 1125 948 saturaret,
1148 891 1241 934 ursus
1263 890 1322 933 au·

144 975 236 1041 stem
264 973 396 1038 vacabat
428 977 460 1038 et
489 974 558 1038 sine
588 973 695 1038 labore
725 973 888 1057 splendide
923 975 1121 1059 epulabatur.
1174 973 1253 1039 Cum
1283 973 1321 1039 ad
1396 999 1399 1025 ¹

172 1077 282 1142 oeIIam
305 1078 477 1157 adveniret,
500 1099 592 1142 ursus
615 1079 655 1143 ad
677 1079 800 1143 foveam
825 1079 936 1162 lupum
958 1079 1066 1156 duxit,
1099 1079 1152 1143 sed
1175 1080 1209 1142 in
1232 1078 1324 1144 fovea

171 1181 264 1265 lupus
287 1182 370 1247 nihil
392 1183 526 1261 invenit,
550 1183 588 1248 de
610 1205 672 1266 quo
688 1183 879 1248 mirabiliter
900 1184 1090 1249 tristabatur
1113 1188 1145 1248 et
1160 1182 1323 1249 famelicus

171 1287 376 1353 efficiebatur.
421 1286 522 1352 Ursus
545 1293 650 1352 autem
673 1288 818 1373 IIngebat
841 1311 874 1353 se
896 1291 929 1353 et
944 1311 999 1373 per
1014 1290 1074 1354 hoo
1089 1289 1172 1355 olare
1187 1288 1323 1366 vivebat,

171 1392 209 1457 de
231 1393 308 1476 lupo
329 1414 454 1478 quoque
476 1415 539 1458 non
564 1393 762 1478 procurabat.
808 1393 866 1458 cui
889 1394 997 1478 lupus:
1022 1395 1097 1480 quid
1125 1395 1177 1459 hic
1194 1397 1324 1480 gustare

136 1498 293 1566 redebeo?
316 1521 413 1582 quare
436 1521 486 1564 me
508 1499 617 1564 taliter
640 1500 816 1583 decepisti?
839 1498 883 1563 Et
905 1522 1015 1564 ursus:
1048 1501 1119 1564 sede
1148 1521 1270 1564 meeum
1292 1503 1325 1564 et

173 1603 261 1688 linge
275 1607 316 1680 te,
341 1604 367 1667 si
383 1604 440 1682 vis,
465 1603 608 1687 alioquin
631 1603 748 1668 recede.
795 1601 903 1689 Lupus
926 1609 1032 1669 antem
1056 1604 1183 1669 delusus
1205 1604 1245 1668 ad
1267 1603 1323 1668 sil-

174 1727 245 1771 vam
268 1710 437 1773 revertitur
455 1709 578 1773 dicens:
604 1730 726 1792 semper
743 1709 863 1774 socium
878 1709 1057 1794 probemus,
1082 1713 1252 1793 antequam
1267 1729 1325 1772 nos

174 1812 336 1878 sociemus
381 1812 433 1878 Ita
454 1818 486 1879 et
509 1835 567 1878 nos
591 1813 724 1896 probare
746 1814 863 1878 amicos
886 1815 1053 1893 debemus,
1084 1819 1254 1899 antequam
1283 1813 1324 1878 iis

174 1918 266 1982 fidem
289 1919 407 1984 demus.
453 1916 571 1982 Nullus
591 1922 711 1982 secreta
733 1941 790 1983 sua
806 1920 907 1984 amico
923 1921 1121 1984 committere
1137 1919 1239 1996 debet,
1263 1917 1326 1982 nisi

136 2023 262 2106 aprina
285 2044 356 2087 eum
380 2027 483 2088 tentet
505 2027 538 2088 et
559 2024 680 2107 probet.
727 2022 810 2088 Eool.
835 2023 899 2089 XI:
928 2046 992 2088 non
1015 2047 1141 2090 omnem
1162 2023 1324 2088 hominem

175 2128 305 2193 inducas
328 2129 361 2192 iu
386 2129 513 2194 domum
536 2132 643 2206 tuam,
673 2129 705 2193 id
737 2133 785 2192 est
817 2130 849 2192 in
878 2133 1064 2209 cortuum,
1100 2129 1208 2193 multae
1228 2125 1325 2192 'enim

176 2234 297 2300 insidiae
319 2238 395 2298 sunt
417 2234 526 2300 dolosi.
573 2234 666 2298 Unde
689 2234 788 2299 idem:
812 2235 838 2298 si
860 2235 1001 2318 possides
1025 2235 1171 2313 amicum,
1195 2234 1230 2298 in
1251 2238 1324 2299 ten·

175 2331 297 2403 tatione
320 2339 444 2422 posside
466 2339 556 2403 illum
584 2343 616 2403 et
651 2361 715 2404 non
745 2339 838 2403 facile
868 2341 976 2404 credas
1008 2341 1045 2403 ei.
1092 2340 1178 2405 Ante
1209 2339 1324 2424 proba-
1444 2399 1447 2406 .

176 2443 296 2508 tionem
325 2443 410 2508 enim
444 2464 508 2507 non
540 2444 633 2508 debet
661 2445 699 2508 de
724 2443 813 2531 facili
842 2444 938 2508 homo
968 2445 1069 2510 amico
1097 2444 1239 2523 credere,
1273 2443 1325 2508 sed

136 2571 163 2610 ao
176 2553 344 2632 postquam
367 2549 471 2632 ipsum
495 2549 676 2626 tentaverit,
701 2549 733 2612 id
755 2552 804 2612 est
825 2549 1007 2633 probaverit
1034 2555 1065 2614 et
1088 2550 1214 2614 fidelem
1236 2551 1324 2614 inve-

176 2653 274 2731 nerIt,
303 2653 396 2718 debet
418 2675 524 2722 secure
547 2654 608 2717 sibi
630 2654 834 2719 committere.
882 2655 973 2720 Unde
997 2655 1144 2720 Valerius
1167 2655 1251 2721 libro
1274 2652 1324 2718 III

176 2779 243 2841 cap.
266 2756 348 2823 VIII
371 2759 482 2823 seribIt
505 2759 542 2823 de
565 2759 758 2836 Alexandro,
781 2781 856 2844 rege
878 2759 1104 2837 Macedonum,
1129 2759 1231 2843 quod,
1256 2779 1325 2824 cum

175 2861 343 2948 Philippus
367 2863 504 2928 medIcus
527 2868 559 2928 et
580 2863 734 2947 probatus
758 2864 877 2929 amicus
900 2864 1089 2929 medicinam
1106 2866 1166 2930 sibi
1183 2865 1257 2930 dare
1273 2864 1326 2929 de-

175 2968 274 3046 beret,
296 2973 544 3051 supervenerunt
556 2968 672 3032 litterae
687 2968 724 3032 de
740 2969 861 3032 aemulis
877 2970 989 3047 missa,
1007 2971 1218 3048 continentes,
1242 2969 1326 3054 quod

137 3096 163 3136 a
176 3071 344 3157 Philippus
367 3079 533 3156 corruptus
555 3074 689 3156 pecunia
711 3096 730 3137 a
754 3072 852 3138 Dario
884 3075 917 3138 in
949 3075 1138 3140 medicinam
1171 3075 1329 3160 posuisset

177 3198 339 3245 venenum.
399 3177 484 3255 Quas
517 3199 589 3242 eum
621 3177 801 3243 Alexander
832 3179 983 3264 legisset,
1019 3179 1206 3246 medicinam
1240 3179 1328 3264 prius

175 3280 284 3347 hausit
305 3287 338 3346 et
359 3283 612 3376 postealiteras
625 3283 773 3368 legendas
796 3283 946 3367 Philippo
969 3284 1065 3349 dedit.
1114 3283 1163 3348 Ob
1178 3305 1328 3369 magnam

176 3387 332 3466 fidncIam,
358 3411 453 3472 quam
475 3389 595 3472 deipso
617 3389 765 3466 habebat,
791 3389 910 3453 malum
935 3389 972 3452 de
995 3389 1065 3474 ipso
1088 3389 1241 3472 suspicari
1264 3410 1328 3452 non

177 3497 311 3576 poterat.
357 3491 448 3558 Nulli
480 3494 565 3558 enim
588 3494 736 3558 amicitia
765 3498 797 3558 et
825 3493 969 3558 societati
1004 3497 1078 3558 ante
1108 3493 1329 3577 probationem

137 3623 164 3662 ao
178 3599 395 3683 constringere
425 3621 482 3664 nos
512 3599 668 3664 debemus.
715 3598 800 3664 Dicit
822 3599 908 3662 enim
933 3598 1090 3664 Martialis
1115 3598 1228 3663 chocns
1263 3597 1329 3661 oui-

178 3703 250 3768 dam
273 3704 374 3769 amico
396 3725 469 3768 suo:
494 3708 664 3788 antequam
694 3725 789 3783 ames,
813 3703 966 3786 Crisippe,
992 3703 1100 3788 proba.
1147 3701 1228 3778 Quia
1253 3701 1332 3766 dicit

177 3808 399 3893 philosophus:
423 3812 552 3892 propter
573 3809 691 3873 amicos
714 3829 778 3872 non
801 3807 951 3890 probatos
977 3807 1106 3892 provide
1120 3807 1192 3874 tibi.
1239 3805 1330 3872 Unda

178 3912 310 3980 Seneca:
333 3919 370 3979 tu
393 3915 500 3980 omnia
521 3935 592 3978 cum
615 3915 716 3978 amico
739 3913 886 3991 delibera,
910 3914 963 3976 sed
988 3935 1059 3978 cum
1085 3917 1118 3977 te
1141 3913 1209 3997 ipso
1231 3913 1330 3996 prius.

178 4017 252 4083 Non
275 4019 357 4083 enim
382 4019 485 4083 omnis
507 4019 609 4083 socius
632 4024 681 4082 est
703 4018 804 4083 bonus
828 4039 885 4082 nec
909 4017 1030 4095 fideIIs,
1060 4018 1125 4082 imo
1149 4018 1329 4082 discernen-

140 4143 166 4183 ει
180 4124 238 4188 dus
261 4129 309 4189 est
330 4125 433 4190 socius
456 4148 475 4189 a
498 4124 591 4188 socio.
635 4120 763 4187 Dicitur
784 4122 880 4199 enim,
905 4123 987 4206 quod
1004 4121 1066 4186 duo
1083 4119 1158 4186 socii
1175 4144 1232 4205 per
1248 4122 1331 4186 viam
1439 4123 1442 4129 ’

179 4230 377 4308 incedebant,
401 4229 515 4314 quibus
538 4249 705 4294 occurrens
727 4247 819 4290 ursus
842 4226 996 4309 impetum
1020 4225 1096 4290 fecit
1118 4227 1151 4291 in
1175 4247 1238 4304 eos,
1266 4249 1332 4311 pra

180 4335 294 4400 timore
317 4340 422 4400 autem
445 4357 527 4400 unus
550 4335 693 4419 ipsorum
716 4331 879 4398 adscendit
901 4332 935 4396 in
960 4331 1122 4408 arborem,
1153 4331 1234 4396 alius
1258 4354 1331 4397 vero

180 4459 213 4504 se
235 4440 331 4506 finxit
353 4461 419 4506 esse
442 4444 602 4505 mortuum
624 4439 658 4503 in
681 4443 776 4504 terra.
822 4435 922 4504 Ursus
946 4441 1052 4504 autern
1076 4437 1164 4501 renIt
1186 4438 1225 4503 ad
1248 4461 1330 4516 enm,

1060 4541 1123 4608 17*
