3160 4960
698 376 739 439 25

147 550 193 616 sio
215 571 266 614 ars
288 549 440 632 potentiss
460 547 517 611 uni
540 551 572 612 et
594 568 645 612 ars
667 547 788 613 fraudis
811 548 904 615 alteri
921 549 1113 628 subveniret,
1136 569 1207 614 mus
1222 569 1296 632 sps·

147 655 264 721 tistum
290 656 364 738 post
386 674 473 718 esum
497 653 675 717 discurrens
698 654 844 718 occurrit.
890 654 990 731 Quem
1012 655 1060 720 leo
1084 655 1164 719 facie
1187 651 1299 719 curiali

149 759 320 844 respiciens
342 757 442 824 conda
463 757 617 842 disposita
639 756 805 822 humiliter
827 759 988 838 salutavit,
1013 759 1068 824 ills
1084 780 1156 824 vero
1172 778 1297 823 sursum

150 863 231 930 collo
247 863 408 946 caudaque
429 885 486 927 sua
507 862 659 946 porrectis
684 862 848 927 tantillum
871 864 1012 929 caudulee
1027 863 1194 928 inflatione
1214 861 1299 926 facta

121 972 241 1035 etanta
264 968 382 1034 derisit.
429 966 505 1032 Mox
527 967 582 1032 ille
604 971 728 1033 astutus
751 968 903 1033 honorem
934 969 969 1034 in
1000 968 1210 1032 honorantem
1232 986 1297 1030 non

149 1095 219 1140 sero
242 1077 353 1158 gratus
376 1071 545 1137 refundens
569 1072 820 1138 dissimulatione
843 1074 967 1138 vultum
989 1073 1093 1138 tendit
1121 1072 1155 1137 in
1178 1082 1297 1156 passm,

147 1201 187 1244 ox
209 1178 300 1244 illato
327 1200 346 1242 a
368 1176 462 1261 vulpe
483 1177 612 1242 vulnere
640 1180 748 1243 tamen
777 1178 878 1242 menti
908 1178 990 1243 cedit
1019 1179 1128 1262 pectus
1159 1197 1295 1260 passum.

151 1282 274 1348 Deinde
296 1304 366 1348 cunr
390 1281 449 1360 illi,
473 1280 609 1365 quodam
620 1282 714 1370 gravi¹
733 1281 827 1346 fumis
849 1283 960 1366 ardore
983 1281 1101 1367 sparsis
1124 1279 1224 1345 oculis
1250 1278 1297 1343 ef-

147 1388 299 1452 frenatim
323 1387 499 1465 tendentes,
521 1387 555 1450 in
578 1388 777 1453 absconditos
789 1389 917 1471 laqueos
940 1389 1018 1473 pede
1039 1389 1145 1453 minus
1166 1386 1298 1470 provido

108 1513 134 1550 ιο
148 1494 268 1577 pariter
295 1493 497 1571 incidissent,
527 1515 596 1557 mus
620 1515 739 1578 gnarus
763 1497 893 1559 eventus
917 1494 1055 1560 cucurrit
1078 1494 1117 1557 ad
1140 1492 1244 1556 locum
1266 1493 1299 1554 et

148 1598 285 1663 leoninae
306 1597 507 1663 salutationis
540 1619 604 1662 non
636 1599 800 1664 immernor
830 1599 965 1664 corrosis
994 1597 1116 1682 laqueis
1144 1595 1299 1660 salutanti

149 1704 195 1768 sic
217 1703 398 1788 procuravit
420 1704 566 1784 salutem,
594 1704 686 1768 sociae
707 1725 782 1768 vero
804 1708 896 1788 gestu
928 1703 1043 1768 humili
1066 1724 1103 1768 ac
1132 1701 1214 1766 idem
1244 1698 1298 1764 de-

148 1808 307 1893 precativo
338 1809 483 1873 contuitu
508 1807 669 1892 flagitanti
701 1807 867 1872 derisionis
891 1829 1011 1873 memor
1032 1808 1098 1872 risu
1121 1806 1297 1871 subsanna-

148 1912 247 1978 tionis
270 1913 449 1998 respondit:
482 1913 557 1996 quid
590 1913 623 1976 in
653 1935 704 1976 me
732 1913 913 1997 conspicis?
945 1913 1035 1996 juvet
1056 1917 1089 1977 te
1111 1911 1298 1987 caudatus,

108 2035 135 2074 1⁶
149 2039 245 2101 quem
268 2017 344 2082 olim
367 2017 551 2102 superbiens
574 2018 717 2082 erexisti!
741 2022 773 2082 et
796 2019 1007 2101 superaddens
1029 2017 1154 2101 inquit:
1187 2015 1298 2098 vulpes

149 2121 264 2186 callida
279 2143 321 2199 es,
346 2122 398 2186 sed
414 2123 584 2205 prudentia
599 2144 695 2200 cares,
719 2122 881 2186 nescivisti
897 2123 981 2206 quod
997 2123 1031 2187 in
1048 2123 1141 2187 rebus
1157 2120 1298 2186 minimis

150 2228 310 2310 quandam
341 2229 406 2292 vim
436 2233 550 2293 nature
577 2229 764 2294 distribuit?
798 2228 1007 2306 Quamobrem
1031 2227 1114 2292 nibil
1137 2230 1186 2292 est
1207 2251 1226 2292 a
1247 2247 1298 2292 ss·

151 2333 259 2417 piente
274 2333 495 2418 spemendum‚
519 2335 667 2418 qnoniam
684 2334 984 2418 habetunuqnaeque
996 2355 1044 2398 res
1068 2355 1159 2398 suum
1175 2332 1243 2397 looo
1267 2334 1299 2396 et

149 2442 292 2522 tempore
321 2442 527 2503 momentum.
573 2437 641 2504 Nec
670 2438 897 2503 attendendum
928 2444 975 2503 est
998 2437 1125 2523 quidem
1157 2438 1195 2501 ad
1229 2455 1297 2499 mo-

109 2560 135 2598 20
152 2543 312 2608 dicitatem
335 2542 446 2622 molis,
475 2543 529 2608 sed
559 2543 597 2608 ed
621 2544 834 2627 quantitatem
858 2543 996 2608 uirtutis.
1043 2542 1140 2608 Plura
1162 2561 1298 2624 namquo

150 2648 309 2733 parvitate
324 2647 416 2712 molis
433 2648 548 2734 exigua
563 2648 744 2733 granditate
760 2647 889 2713 virtutis
902 2651 978 2712 sunt
992 2647 1139 2713 maxima.
1171 2645 1299 2711 Oaeteris

151 2753 237 2818 enim
260 2752 463 2816 virtuosiores
494 2756 570 2816 sunt
598 2753 718 2836 lapides
750 2753 887 2817 minores
919 2755 952 2817 et
982 2775 1087 2817 rerum
1119 2750 1296 2839 ingentium

149 2878 201 2922 res
224 2878 328 2941 pervae
358 2861 434 2921 sunt
462 2858 637 2922 seminales.
693 2856 775 2933 Quid
805 2858 891 2921 enirn
923 2857 956 2921 in
992 2857 1144 2922 membris
1176 2854 1320 2941 pupilla

150 2961 278 3044 parvius
300 2965 449 3025 ettamen
466 2960 592 3025 carius?
615 2965 647 3025 et
662 2961 751 3024 navis
774 2961 859 3024 salus
874 2961 914 3025 ab
936 2961 1051 3047 exiguo
1073 2962 1162 3027 olavo
1184 2959 1300 3046 pendet

109 3067 258 3149 aponus
291 3087 385 3149 quarn
416 3087 436 3129 a
468 3063 560 3129 mulo.
615 3063 696 3140 Quid
730 3065 849 3149 plura?
877 3065 1004 3130 Aranes
1034 3066 1166 3150 parvula
1194 3065 1298 3130 virum

152 3176 245 3236 necet
266 3175 299 3236 et
323 3171 417 3255 pulex
440 3169 664 3235 infestissimus
686 3169 771 3234 hunc
797 3174 951 3234 cruentet.
998 3169 1167 3236 Neminem
1199 3169 1300 3254 igitur

150 3295 290 3359 spernes,
307 3275 456 3360 quonism
468 3276 682 3360 unusquisque
690 3280 795 3340 autem
804 3276 950 3360 prodesse
962 3275 1054 3355 valet,
1071 3299 1172 3361 neque
1187 3297 1298 3360 perum

150 3384 209 3458 est,
233 3381 260 3444 si
289 3402 353 3446 non
386 3385 506 3458 nocet„
522 3381 575 3444 sed
606 3384 638 3445 et
668 3401 760 3444 suum
782 3379 912 3444 cuilibet
941 3381 1092 3446 honorem
1126 3380 1300 3464 impendas.

151 3483 233 3560 Quid
245 3485 329 3550 enim
352 3484 453 3550 honor
475 3484 562 3549 aliud
585 3488 632 3549 est
654 3507 748 3568 quarn
761 3486 904 3550 omnium
918 3487 1075 3552 virtutum
1092 3508 1172 3550 unus
1188 3487 1300 3552 actus?

108 3613 136 3649 so
152 3590 270 3674 Agitur
292 3590 345 3655 hio
367 3611 504 3676 namque
527 3591 565 3654 de
586 3590 767 3676 prudentia,
791 3613 863 3676 qus,
888 3591 948 3668 cui,
974 3591 1108 3675 quando,
1131 3591 1197 3669 nbi,
1222 3612 1300 3674 quo·

151 3695 245 3760 modo
258 3695 427 3773 tribuatur,
451 3695 636 3760 attenditur.
668 3694 977 3775 Justitiavero,cum
1002 3718 1066 3761 non
1081 3698 1170 3780 justo
1185 3698 1299 3775 minus,

150 3801 415 3886 magnanimitas,
444 3821 515 3864 oum
548 3822 612 3865 non
647 3800 754 3866 debito
789 3802 944 3885 amplius,
978 3803 1129 3868 nimirum
1163 3805 1194 3866 et
1217 3805 1298 3864 tem·

150 3906 310 3990 perantia,
346 3927 417 3970 cum
446 3905 620 3970 modestius
653 3906 855 3990 impenditur.
910 3905 1010 3973 Extra
1039 3909 1166 3973 modum
1194 3911 1301 3971 tumen

150 4011 306 4076 honorare
316 4011 446 4077 illudere
457 4013 513 4077 est.
539 4010 601 4087 Qui
611 4031 686 4094 ergo
696 4010 815 4075 honore
823 4011 977 4094 praevenit
985 4011 1237 4091 ulium‚honorat
1246 4031 1301 4094 per

108 4139 135 4178 as
149 4117 285 4200 amplius
309 4121 408 4182 semet
431 4119 553 4200 ipsum;
578 4118 728 4201 quoniam
743 4117 915 4182 honorator
926 4118 1073 4202 providus
1082 4117 1152 4204 lege
1167 4117 1300 4182 rationis

149 4221 328 4287 ostenditur
349 4221 416 4287 fore
429 4223 572 4287 omnium
587 4242 749 4306 possessor
765 4222 930 4287 virtutum.
972 4223 1041 4300 Quo
1053 4223 1137 4288 dicto
1152 4221 1300 4288 recedens

151 4327 278 4413 vulpem
301 4326 469 4411 superbam
493 4327 651 4394 irretitam
674 4327 826 4414 dimisit.v
