3044 4956
533 335 711 396 ,49

113 509 224 584 terent,
247 504 424 590 quicunqne
439 503 601 591 legebant,
626 503 773 588 legebant
788 507 894 568 autern
910 505 1000 570 valde
1021 504 1125 590 peuri,
1149 527 1263 590 puram

112 615 142 676 et
162 609 372 694 impollutam,
394 615 429 674 et
451 610 476 674 ii
500 609 626 694 quidem
647 631 774 686 omnes,
799 610 895 674 variis
918 610 948 674 ei
971 611 1154 677 nominibus
1178 613 1261 678 obli·

112 715 185 800 gati
231 713 327 780 Nune
350 735 435 790 vero,
461 735 559 798 quum
581 718 707 797 tempus
728 714 826 792 adest,
850 719 887 778 ut
909 720 1052 795 corruet,
1076 720 1114 780 ut
1136 715 1264 802 insigne

112 819 248 903 prebent
269 819 338 884 orbi
362 819 458 883 dese
482 820 705 902 spectaculum,
729 823 862 884 conetur
885 821 1005 903 eripere
1027 827 1060 885 et
1079 826 1266 904 extorquere

113 923 294 989 hominibus
316 924 568 988 instrumentum
591 923 688 1001 illud,
722 944 897 1008 quosnam
920 924 1118 1008 impietatem
1140 947 1177 991 eo
1199 947 1266 992 soe·

112 1027 175 1094 lere
196 1028 287 1092 videt
308 1049 376 1092 eree
398 1026 568 1111 patefacte.
610 1027 792 1092 Proximum
808 1035 840 1092 et
854 1029 990 1094 eltemm
1013 1031 1195 1114 praesidium
1219 1035 1267 1096 eet

112 1132 353 1216 ermn[D]tnm:
375 1133 467 1196 erevit
490 1133 569 1219 igni,
591 1132 687 1210 terro,
710 1133 839 1217 laqueo,
862 1133 1011 1199 fluetibus
1033 1139 1065 1199 et
1088 1136 1195 1214 undis,
1229 1139 1266 1200 ut

115 1259 264 1326 agnoeene
297 1238 475 1315 artificem,
508 1238 599 1302 illum
627 1239 799 1322 'antiquum
829 1237 961 1304 humani
982 1242 1108 1324 generis
1131 1241 1265 1318 hostem,

113 1343 165 1426 qui
185 1342 329 1408 eredibrm
351 1345 384 1406 et
405 1342 563 1428 sanguine
585 1343 767 1409 delectatur.
813 1342 859 1408 Ut
888 1349 993 1408 eutem
1017 1345 1059 1409 eit
1082 1345 1265 1423 terribilior,

113 1449 328 1533 exploratores
351 1447 450 1513 hebet
471 1471 528 1532 per
550 1449 657 1514 omnin
678 1469 786 1534 regne,
809 1453 924 1514 vocent
946 1449 1172 1534 inquisitores,
1195 1449 1266 1533 qni·

113 1553 168 1616 bue
191 1552 252 1619 hoo
274 1557 325 1618 eet
349 1554 553 1619 eommiseum
575 1575 708 1632 munus,
732 1558 769 1619 ut
791 1576 843 1620 eos
865 1575 990 1634 omnes,
1026 1553 1081 1639 qui
1104 1533 1283 1619 dominam¹

682 1674 701 1714 e

116 1767 203 1828 ment
232 1785 315 1830 oeox
347 1765 403 1848 qni
426 1763 565 1848 lieoyent
590 1763 789 1830 l'E'ecritnre:
812 1765 922 1848 requi
948 1765 1074 1830 everoit
1101 1767 1205 1847 ipen,
1230 1762 1267 1829 de

114 1869 224 1934 telire
256 1890 340 1952 pure
370 1873 403 1934 et
426 1890 490 1934 non
520 1867 671 1934 fnleifiee:
696 1867 768 1950 [23]
783 1868 867 1952 joint
894 1890 955 1952 que
971 1875 1041 1934 tous
1057 1870 1118 1934 tels
1133 1869 1267 1935 leoteure

113 1973 166 2056 luy
178 1976 330 2058 eetoyent
343 1977 471 2038 attenne
493 1995 533 2037 en
554 1972 690 2038 diverses
713 1977 824 2038 sortes.
858 1965 1032 2056 A'present
1046 1995 1107 2058 que
1121 1972 1153 2039 le
1164 1979 1268 2058 tempe

115 2083 161 2143 ert
181 2099 266 2144 renn
290 2077 408 2161 auquel
438 2077 463 2141 il
493 2076 565 2142 faut
599 2077 678 2160 qu'il
707 2075 815 2142 tombe
844 2079 878 2140 et
905 2078 969 2141 soit
996 2099 1035 2142 en
1069 2082 1194 2144 mentre
1226 2099 1268 2142 ou

115 2183 267 2268 rpettnele
298 2205 341 2246 eu
375 2181 507 2259 monde,
542 2181 564 2244 il
596 2203 629 2246 se
659 2181 803 2266 perferre
834 2182 950 2248 d'oster
979 2188 1011 2248 et
1038 2185 1184 2249 erreoher
1206 2206 1268 2248 aux

117 2287 256 2354 hommee
280 2288 503 2352 l'instrnment
533 2308 591 2370 per
622 2286 725 2370 lequel
747 2287 772 2352 il
804 2287 870 2352 voit
902 2306 960 2352 eon
988 2286 1118 2370 impiett
1143 2292 1176 2352 et
1202 2309 1267 2354 me·

116 2392 263 2458 ehnnoete
291 2391 425 2457 deeelee.
464 2389 591 2456 L'autre
623 2390 828 2457 fortification
851 2392 931 2456 dont
953 2391 977 2455 il
1002 2412 1037 2454 ee
1058 2391 1177 2472 munit,
1203 2392 1270 2476 giet

116 2518 154 2560 en
185 2517 309 2562 mmee:
349 2517 413 2571 cer,
437 2495 461 2559 il
493 2515 601 2582 exerce
634 2517 670 2560 sn
702 2498 831 2561 eruente
864 2495 1032 2580 perteue,
1067 2496 1206 2582 glaivee,
1228 2497 1269 2560 li·

118 2603 198 2676 oole.
233 2624 317 2668 eeux
340 2607 374 2667 et
396 2602 513 2679 ondes‚
547 2621 627 2685 pour
657 2606 690 2666 te
719 2603 841 2667 donner
864 2605 883 2667 ὲ
907 2602 1085 2687 eognoietre
1117 2607 1182 2666 cest
1211 2623 1269 2666 ou-

117 2709 207 2788 rrier‚
230 2707 346 2774 ancien
370 2707 497 2771 ennemi
517 2706 558 2770 du
573 2727 671 2789 genre
694 2705 836 2786 harmain,
866 2708 920 2792 qui
947 2728 981 2771 ee
996 2707 1112 2793 beigne
1134 2728 1174 2770 en
1189 2727 1270 2792 sang

116 2819 148 2878 et
169 2819 335 2878 menrtree.
368 2811 454 2876 Pour
469 2831 595 2875 eneoree
617 2833 651 2876 ee
666 2810 745 2876 faire
770 2812 842 2896 plus
868 2812 998 2878 terrible
1019 2815 1052 2876 et
1075 2811 1269 2890 redouteble‚

117 2919 140 2984 il
168 2943 188 2986 e
220 2921 275 2986 dee
311 2919 438 3002 espions
475 2939 533 3002 per
568 2922 639 2982 tous
674 2938 858 3002 meumes,
895 2915 987 3000 qu'ile
1019 2916 1181 3000 appellent
1212 2915 1268 2982 In·

689 3035 706 3072 *
1006 3029 1017 3036 ..

118 3126 190 3190 nien
223 3147 344 3211 pnrny
366 3126 416 3191 ein
439 3125 657 3210 depravacion,
682 3125 772 3190 todos
793 3147 833 3190 en
856 3126 901 3190 fin
926 3126 956 3190 le
981 3125 1081 3191 daron
1108 3125 1141 3192 le
1168 3127 1268 3193 inter·

118 3231 297 3313 pretecion,
333 3252 394 3314 que
416 3231 445 3296 el
468 3231 594 3314 querit,
624 3250 701 3315 yse
723 3230 860 3315 gniovnn
884 3253 942 3316 por
964 3253 1001 3296 su
1019 3232 1126 3317 juyzio
1150 3231 1217 3308 del,
1247 3255 1270 3316 y

118 3336 208 3400 todoe
240 3336 272 3402 le
299 3341 430 3402 eeteren
453 3357 512 3420 por
527 3336 665 3402 diversos
688 3340 846 3419 respector
865 3335 1038 3421 obligedoe.
1070 3333 1150 3400 Pero
1174 3356 1271 3420 agore

119 3461 178 3525 qne
192 3465 235 3526 pe
249 3463 283 3508 ee
300 3441 414 3506 venido
426 3440 456 3505 el
470 3441 590 3525 tiempo
606 3463 667 3524 qne
682 3461 792 3526 rayge,
808 3463 902 3524 yqne
914 3440 952 3506 de
964 3463 1028 3505 une
1040 3444 1180 3506 muestrn
1194 3463 1271 3526 muy

122 3547 268 3612 eennlnde
292 3546 324 3611 nl
347 3545 476 3625 mundo,
500 3546 624 3631 trabeje
645 3567 704 3630 por
727 3551 830 3609 tomer
852 3568 873 3629 y
896 3543 1002 3627 quiter
1024 3566 1082 3628 por
1104 3543 1211 3631 fuerpe
1235 3545 1273 3610 de

122 3651 166 3714 tes
189 3671 304 3716 mnnoe
321 3651 361 3714 de
382 3649 429 3713 loe
444 3648 592 3714 hombree
606 3650 700 3734 equel
722 3648 824 3726 libro,
848 3669 905 3712 eon
928 3647 957 3712 el
982 3647 1057 3732 quel
1079 3669 1133 3714 vee
1157 3669 1217 3732 que
1239 3670 1273 3712 ee

124 3753 272 3820 decurre
301 3775 340 3818 eu
372 3753 540 3838 impiedad‚
568 3776 622 3820 eus
646 3756 814 3832 mammes,
837 3779 859 3840 y
885 3755 1147 3833 abomineeiones,
1169 3778 1190 3839 y
1213 3776 1272 3819 eon

125 3859 330 3946 enderepndoe
360 3859 409 3924 loe
439 3859 586 3924 hombres
616 3883 676 3944 por
698 3862 727 3927 el
758 3861 883 3926 enmino
905 3861 942 3924 de
964 3860 997 3924 le
1030 3841 1271 3924 verdedere'ea·

125 3961 186 4030 luet
231 3963 273 4029 1⁴21
295 3963 438 4049 eegnndo
469 3962 605 4046 presidio
636 3987 698 4049 que
721 3989 740 4030 e
762 3970 827 4030 este
849 3987 882 4030 se
904 3965 993 4049 signe
1015 3963 1127 4048 luegn,
1157 3984 1189 4027 es
1220 3986 1272 4028 er-

126 4069 224 4134 nedo.
274 4067 400 4152 Perque
423 4069 567 4152 porrigue
589 4092 608 4135 e
629 4071 743 4156 snego,
777 4090 992 4155 perempte,
1028 4089 1086 4132 eon
1117 4067 1222 4133 hietro
1251 4093 1273 4155 y

129 4171 220 4257 [137]
243 4173 349 4238 dendo
381 4177 519 4258 garrote
540 4196 563 4258 y
587 4197 645 4240 oon
672 4196 772 4260 agua,
795 4195 934 4261 pureque
963 4195 996 4237 ee
1019 4173 1120 4256 puede
1142 4195 1274 4239 oonoeer

128 4279 224 4362 mejor
246 4279 277 4344 el
300 4279 432 4357 artifice,
455 4300 516 4362 que
536 4301 569 4344 es
583 4282 676 4364 oquel
698 4279 844 4364 enemigo
868 4279 1000 4363 antiguo
1019 4276 1068 4342 del
1096 4277 1272 4364 linngehu·

130 4403 238 4462 nono,
261 4403 379 4468 quere
402 4403 557 4450 ceraton
591 4389 737 4472 metery
773 4385 933 4450 derremnr
964 4403 1088 4468 sangre.
1133 4381 1164 4446 Y
1196 4405 1273 4466 pam

170 4503 296 4546 eterne·
1047 4486 1064 4540 4
