3172 4958
681 361 723 425 ’17

128 529 179 596 illi
202 529 248 595 sic
270 530 382 595 vitalia
399 529 572 613 perforant,
588 529 642 593 isti
665 529 821 616 genitalia
844 533 967 609 vorant,
991 533 1083 598 modo
1106 533 1278 612 excoriant,

127 657 215 702 nunc
237 637 421 702 decaudant.
467 633 584 700 Nonne
607 634 653 698 sic
674 635 817 699 avaritiae
840 634 1007 721 ingeniosa
1028 637 1061 700 vi
1083 659 1102 702 a
1124 638 1201 702 viris
1215 637 1278 700 im-

127 742 338 826 prudentibus
369 740 419 804 ha
441 739 580 803 collectae
601 738 721 802 divitiae
742 760 936 822 possessores
952 761 1025 804 suos
1048 740 1278 806 vitiositatibus

127 847 285 927 lacerant,
310 851 466 912 amatores
504 845 695 928 depravant,
734 843 808 908 dum
846 865 881 908 os
913 843 1026 930 lingua
1062 846 1278 932 magniloqua,

101 950 307 1016 econtuitum
340 949 533 1027 invidentia,
557 952 653 1032 caput
675 948 821 1032 ignavia,
854 951 999 1012 ventrem
1021 948 1114 1034 gula,
1146 949 1280 1014 libidine

128 1054 292 1141 genitalia,
315 1052 453 1137 corpus²
476 1051 620 1129 iufamia,
645 1051 799 1115 virtutum
824 1051 934 1135 inopia
949 1055 1054 1116 totum
1069 1057 1204 1118 vastant
1250 1052 1277 1118 Ο

128 1159 211 1224 male
226 1159 349 1226 editum
368 1158 496 1236 bonum,
520 1156 614 1220 beata
628 1161 806 1239 paupertas,
831 1157 965 1222 ostulte
982 1157 1132 1223 dilectum
1148 1159 1278 1236 malum,

130 1263 242 1328 infelix
264 1261 443 1346 opulentia!
475 1260 522 1325 De
552 1265 664 1324 oaetero
687 1260 880 1344 paupercula
902 1261 994 1345 pellis
1018 1261 1098 1326 mihi
1120 1261 1279 1328 ditissima

130 1371 179 1432 est
195 1371 229 1432 et
247 1367 319 1431 vilis
327 1367 429 1452 magis
437 1367 541 1450 placet
556 1386 651 1448 quam
665 1366 817 1450 pretiosa!
842 1365 927 1430 Malo
942 1372 1026 1431 certe
1041 1369 1108 1451 jam
1125 1368 1192 1432 fore
1212 1367 1280 1432 eine

90 1491 117 1528 1⁰
131 1473 231 1538 cauda
243 1495 337 1556 quam
345 1494 425 1557 pavo
434 1493 506 1537 cum
515 1472 621 1536 cauda.
662 1471 783 1549 Quibus
792 1472 925 1557 digestis
933 1495 1005 1538 mcx
1013 1473 1088 1538 hinc
1097 1473 1214 1538 indede
1225 1493 1280 1537 cu·

130 1577 277 1664 piditatis
292 1577 451 1642 anxietate
467 1577 590 1642 erudita
605 1578 714 1661 vulpes
726 1579 918 1658 societatem,
943 1578 1027 1672 dicto
1044 1579 1121 1656 vale,
1145 1577 1277 1644 dimisit.

130 1785 396 1866 Contraeos,
420 1786 503 1871 qui,
527 1808 611 1851 cum
634 1786 967 1852 doloredivitiis
989 1773 1196 1872 perditis,
1219 1787 1280 1854 ad-

473 1891 549 1957 huc
570 1890 772 1956 laborant
794 1891 939 1956 ditari.

400 2066 455 2131 De
476 2086 606 2131 corvo
628 2069 669 2132 et
691 2085 867 2150 pavone,
890 2087 956 2151 cap.
981 2073 1011 2133 6.

92 2237 120 2277 re
222 2209 352 2274 Auratis
390 2209 503 2294 pennis
541 2228 697 2292 pavonem
733 2209 873 2292 undique
910 2210 1081 2293 spoliatum
1119 2230 1189 2274 cum
1213 2230 1282 2275 cor-

132 2336 191 2379 vus
222 2315 413 2399 adspiceret,
445 2313 521 2379 olim
554 2334 741 2398 pomposum
765 2318 797 2380 et
819 2313 949 2378 divitem
980 2315 1125 2380 deridens
1158 2312 1280 2398 inquit:

131 2420 187 2484 ubi
218 2423 267 2484 eet
295 2419 373 2484 mire
396 2419 483 2503 picta
505 2417 720 2482 desiderabilis
750 2420 878 2502 penna?
908 2417 976 2494 Quo
1005 2419 1133 2503 quidem
1157 2417 1278 2484 alarum

132 2524 367 2610 splendentium
389 2523 458 2588 abit
487 2522 592 2608 gloria
614 2544 713 2606 quove
734 2521 916 2607 plumarum
939 2523 1171 2608 gemmantium
1195 2523 1282 2610 fugit

132 2629 289 2694 mirabilis
319 2629 495 2694 ornatura?
526 2623 573 2690 At
601 2625 657 2691 ille
684 2625 790 2690 minus
820 2624 970 2711 patienr²
1003 2627 1154 2693 illusoriis
1177 2627 1279 2693 verbis

91 2761 118 2800 ao
133 2733 319 2820 indignatus
348 2731 528 2817 respondit:
568 2751 760 2814 quamquam
794 2730 986 2797 insatiabilia
1021 2735 1105 2798 certe
1135 2733 1282 2798 humanae

134 2839 320 2925 cupiditatis
342 2857 460 2923 vorago
482 2857 658 2921 pennarum
682 2857 757 2919 opes
774 2836 983 2917 absorbuerit,
1006 2838 1158 2903 beneficio
1173 2842 1281 2933 tamen

132 2949 256 3012 naturae
270 2944 410 3009 liberalis
433 2963 484 3008 ars
506 2941 655 3007 refectiva
670 2963 736 3006 non
752 2941 861 3022 deerit,
884 2965 995 3008 verum
1009 2964 1081 3008 cum
1095 2966 1159 3009 non
1175 2944 1282 3008 minus

133 3071 171 3115 ea
199 3048 306 3134 ampla
333 3048 485 3133 largitate
516 3045 642 3131 quidem
665 3047 820 3112 donatura
842 3048 899 3127 sit,
932 3047 992 3113 etsi
1021 3049 1165 3134 privatus
1195 3069 1283 3132 spem

133 3175 255 3240 pauper
277 3152 399 3232 habeo,
423 3157 460 3216 tu
482 3172 606 3236 semper
628 3151 724 3216 miser
746 3173 788 3216 es.
834 3151 892 3217 Cui
914 3151 986 3218 ille:
1011 3154 1045 3217 in
1068 3153 1208 3218 adversis
1231 3173 1282 3217 ca·

92 3285 120 3324 aa
135 3260 223 3325 sibus
246 3281 310 3324 non
333 3257 493 3322 immerito
516 3277 585 3320 eam
609 3255 764 3320 duntaxat
795 3255 1008 3320 calamitatem
1043 3257 1176 3322 dixerim
1199 3257 1283 3322 cala·

133 3364 303 3431 mitatibus
325 3383 390 3427 non
413 3361 535 3438 doceri,
567 3381 705 3444 namque
732 3360 788 3424 ubi
817 3364 1043 3445 tempestatum
1065 3361 1285 3446 ingruentium

133 3469 218 3535 mole
234 3469 340 3534 oculos
356 3467 400 3532 fel
422 3466 553 3532 Thebiae
576 3465 717 3530 restituit
740 3487 777 3530 ac
798 3465 922 3531 vexatio
945 3465 993 3530 ita
1014 3466 1213 3532 intellectum
1230 3464 1283 3529 de-

134 3574 199 3654 dit,
229 3577 306 3638 tunc
328 3573 478 3638 damnum
501 3573 584 3638 cedit
606 3572 640 3636 in
664 3569 861 3637 commodum
892 3577 924 3636 et
953 3571 1056 3656 ipsum
1086 3571 1205 3635 malurn
1234 3569 1299 3634 re·'

134 3677 260 3765 paratio
271 3677 310 3742 fit
320 3677 484 3743 virtutum
515 3676 576 3743 Sed
590 3698 662 3742 curn
676 3676 923 3760 procellosorum
946 3675 1141 3761 experientia
1155 3696 1285 3740 caenum

95 3785 265 3851 enauimus
287 3805 352 3849 non
375 3785 517 3861 docetur,
553 3782 622 3848 sine
645 3781 738 3848 modo
760 3782 879 3846 malum
909 3781 1102 3860 intenditur,
1133 3779 1285 3864 quoniam

134 3913 173 3957 ex
195 3894 264 3957 tcto
287 3889 575 3974 circumspectionis
585 3887 697 3953 orbata
721 3887 885 3973 regimine,
910 3887 1000 3971 quasi
1022 3886 1108 3951 inter
1126 3888 1285 3951 tumentes

132 3994 257 4087 fluctus,
281 3996 398 4061 mentis
422 3997 606 4081 inpraeceps
620 3993 767 4059 navicula
781 3991 1011 4058 circumfertur.
1058 3989 1286 4075 Imprudentia

134 4100 262 4186 quidem
284 4101 382 4188 plaga
403 4100 568 4185 desperata
590 4103 654 4178 est,
678 4099 706 4164 si
727 4120 763 4164 ra
788 4119 854 4163 non
877 4100 1006 4164 curatur
1029 4097 1169 4162 adversa.
1216 4094 1286 4160 Tua

133 4228 210 4292 pace
228 4208 296 4294 jam
319 4207 380 4275 hoc
402 4207 515 4288 dicam
538 4205 647 4287 amice,
671 4225 785 4289 nempe
808 4201 1000 4270 decaudatus
1024 4221 1057 4266 es
1079 4203 1112 4266 et
1133 4199 1218 4266 unde
1232 4219 1284 4266 ac-

702 4326 720 4364 s

204 4431 366 4490 lAndcre:
384 4430 514 4490 caudina.
584 4429 747 4489 eundem:
764 4429 848 4487 nimis
865 4431 975 4503 patene.
