3146 4962
686 343 749 408 255

145 517 308 582 silentium
334 538 433 601 usque
462 517 501 582 ad
530 523 666 600 tempus.
721 509 908 580 Tamistides
937 511 1142 598 philosophus
1171 511 1291 577 rustico

147 621 265 688 tacenti
287 622 321 685 in
343 620 486 686 convivio
512 620 610 684 dixit:
640 641 674 684 cs
706 619 815 684 doctus
837 621 869 682 et
897 617 974 698 hoc,
1004 618 1032 682 si
1055 616 1157 682 solum
1178 616 1288 696 habes,

147 726 230 809 quod
252 731 348 791 taces.
391 725 439 792 Ea
466 730 596 809 propter
626 724 782 790 Isidorus:
811 727 953 807 tempore
982 743 1120 808 congruo
1150 723 1288 807 loquere,

147 835 289 914 tempore
311 851 452 915 congruo
474 833 558 908 tace,
590 850 654 895 non
677 829 835 913 loquaris,
860 828 922 892 nisi
945 827 1160 912 interrogatus
1182 828 1292 906 fueris,

124 957 214 1001 enon
238 935 333 1013 dicas,
357 939 527 1018 antequam
549 933 667 1012 audias,
690 931 900 1018 interrogatio
922 951 957 996 os
980 935 1070 996 tuum
1093 933 1225 1014 aperiat.

411 1106 467 1172 De
488 1107 838 1192 leporejurista,
862 1106 936 1171 dial.
964 1109 1034 1172 105.

236 1249 340 1334 Lepus
367 1249 427 1313 ivit
448 1247 588 1313 Parisius
621 1247 660 1312 ad
683 1246 872 1312 studendum
902 1246 1061 1312 attactus
1083 1251 1131 1312 est
1152 1269 1293 1314 summus

148 1356 272 1441 jurista.
311 1353 360 1419 Ob
375 1354 435 1418 hoc
457 1353 545 1418 venit
560 1351 599 1416 ad
614 1353 737 1416 leonem
752 1352 874 1417 dicens:
898 1351 1033 1426 domine,
1059 1373 1108 1416 res
1130 1375 1216 1419 meas
1237 1377 1292 1420 ex-

150 1463 246 1546 pendi
268 1461 302 1524 in
313 1457 426 1523 studiis
449 1457 623 1534 literarum,
648 1459 734 1539 puto,
759 1456 841 1539 quod
865 1456 925 1520 sim
947 1455 1026 1521 bene
1049 1456 1233 1538 salariatus,
1256 1463 1294 1524 ut

114 1592 139 1630 ιο
151 1565 323 1632 honorifica
349 1563 407 1628 sub
429 1561 542 1626 umbra
563 1561 684 1625 alarum
707 1563 835 1624 tuarum
859 1560 976 1644 possim
992 1560 1106 1627 rivere.
1152 1561 1211 1628 cui
1226 1563 1291 1630 leo:

151 1671 302 1756 indagare
331 1668 420 1753 prius
445 1670 478 1730 te
500 1664 589 1743 volo,
626 1669 797 1749 antequam
831 1664 980 1730 salarium
1003 1667 1159 1744 tribuarc3
1195 1689 1293 1755 perge

151 1797 272 1842 mecum
295 1773 334 1838 ad
357 1772 478 1837 diversa
500 1770 676 1835 ridendum.
723 1769 785 1848 Qui
808 1791 880 1834 cum
902 1776 1111 1857 peragrarent
1126 1775 1221 1839 simul
1239 1796 1295 1859 per

153 1881 274 1958 silvam,
296 1900 365 1945 ecoe
387 1877 514 1962 quidam
536 1880 667 1940 venator
689 1875 838 1959 apparuit
859 1875 978 1940 habena
998 1855 1106 1942 arcum
1128 1882 1161 1943 et
1180 1878 1293 1964 phara·

93 2061 94 2066 ἵ
152 1992 234 2052 tram
257 1989 289 2050 et
310 1987 510 2070 postumum
533 1984 566 2046 at
588 1984 660 2064 post
681 1981 806 2064 vulpem
822 1979 1005 2066 sagittabat.
1051 1980 1171 2066 Vulpes
1186 1987 1291 2048 autem

115 2115 140 2154 ra
154 2092 327 2178 ingeniosa,
343 2110 414 2154 cum
430 2087 613 2151 intuebatur
627 2087 790 2172 sagittam,
807 2086 970 2151 devitabat
983 2086 1082 2150 ictum
1098 2092 1131 2151 et
1144 2088 1292 2169 saltabat,
1391 2123 1394 2130 ·

153 2219 244 2262 ursus
265 2198 371 2260 autem
393 2213 545 2277 arrogans
568 2196 600 2256 et
615 2191 653 2255 dc
668 2189 856 2256 fortitudine
871 2212 928 2255 sua
943 2190 1102 2256 confidens
1118 2191 1293 2277 impetuose

153 2322 260 2366 versus
280 2297 440 2364 hominem
463 2295 590 2360 tendme
612 2295 709 2378 coepit
729 2295 838 2360 volans
860 2294 965 2378 ipsum
988 2296 1171 2380 discerpere,
1198 2319 1292 2363 vena-

154 2410 205 2471 tor
226 2409 332 2469 autem
356 2402 504 2468 emittam
527 2399 679 2484 sagittam
701 2400 822 2484 accepit
843 2399 910 2462 ursi
925 2398 1032 2464 vitam.
1079 2401 1169 2478 Quod
1185 2402 1294 2468 ridens

155 2511 204 2576 leo
227 2511 272 2575 ait
294 2509 408 2593 lepori:
430 2510 463 2572 et
484 2505 543 2570 hoc
564 2504 616 2570 fac
638 2505 849 2590 proverbium,
879 2508 917 2569 ut
939 2509 1130 2589 agnoscatur
1152 2507 1295 2588 seientia,

116 2640 142 2679 ao
156 2637 194 2681 ex
216 2636 278 2699 quo
300 2613 347 2679 vis
369 2612 438 2676 fieri
460 2610 635 2677 salariatus.
681 2609 785 2693 nepus
804 2613 910 2674 autem
930 2611 1071 2675 exaravit
1093 2611 1126 2675 in
1150 2612 1233 2678 libro
1247 2613 1296 2677 di-

156 2742 246 2787 cens:
283 2719 369 2784 valet
401 2721 513 2782 contra
545 2717 644 2780 ictum
675 2715 787 2780 mortis
818 2737 884 2780 esse
915 2716 1039 2799 sapiens
1069 2738 1165 2801 quam
1193 2717 1297 2782 fortia.

156 2825 220 2892 Lao
242 2845 366 2910 quoque
388 2821 589 2908 proverbium
620 2821 760 2886 laudavit
790 2825 823 2885 et
850 2821 954 2906 ipsum
986 2843 1089 2887 secum
1123 2822 1157 2886 in
1186 2823 1298 2888 urbem

157 2931 264 3008 duxit,
286 2930 342 2995 ubi
363 2928 526 2993 inveniens
548 2927 715 3011 quemdam
738 2927 900 2991 domiuum
919 2926 1170 3011 depompantcm,
1194 2928 1226 2992 id
1248 2932 1297 2994 cst

157 3036 388 3120 vituperantem
410 3053 515 3098 servos
537 3054 618 3098 suos.
663 3031 753 3097 Unus
775 3032 902 3097 illorum
915 3033 1074 3117 patienter
1089 3034 1297 3112 auscultabat,

118 3164 144 3202 aa
157 3139 237 3206 alter
253 3160 325 3204 vero
340 3143 450 3203 contra
465 3136 629 3202 dominum
644 3137 803 3203 verbosari
819 3138 916 3223 ooepit
937 3142 970 3203 et
985 3159 1049 3202 non
1066 3139 1222 3218 cessabat,
1240 3159 1298 3223 pro

159 3267 221 3330 quo
243 3243 388 3310 dominus
410 3243 509 3306 iratus
531 3241 635 3325 ipsum
657 3242 843 3327 gravissime
864 3242 1041 3307 verberavit
1063 3247 1095 3307 et
1117 3243 1222 3328 ipsum
1245 3264 1298 3307 ex·

159 3351 328 3435 spoliatum
352 3348 476 3432 rejecit,
512 3347 688 3431 patientem
710 3351 816 3413 autem
838 3347 972 3412 retinuit
995 3351 1027 3411 at
1048 3347 1208 3412 exaltavit.
1253 3345 1301 3412 Ex

160 3455 219 3520 hoc
241 3475 314 3519 vero
336 3454 425 3538 lepus
448 3452 531 3517 leoni
553 3452 698 3536 scripsit:
722 3451 859 3517 multum
881 3452 992 3516 melius
1014 3450 1115 3516 facere
1137 3457 1184 3517 est
1207 3472 1300 3535 quam
1339 3435 1345 3448 ’

159 3559 242 3624 male
263 3545 459 3642 respondere.
505 3555 547 3621 Et
570 3556 629 3622 hoc
651 3557 851 3642 proverbium
875 3555 1092 3642 magnificavit
1113 3557 1162 3622 leo
1194 3561 1227 3621 ct
1254 3557 1300 3622 lc-

118 3687 146 3726 ao
160 3684 269 3750 porem
291 3663 325 3727 in
343 3662 451 3726 villam
473 3661 574 3739 duxit,
596 3662 707 3745 inqua
727 3661 919 3726 invenerunt
933 3660 1103 3726 bubutcum
1124 3662 1302 3746 quamdam,

160 3770 216 3854 qui
236 3767 447 3853 conjungebat
470 3765 563 3830 boves
593 3771 626 3831 et
648 3765 688 3831 ad
710 3787 873 3843 mansum,
902 3767 934 3831 id
956 3771 1004 3830 est
1027 3769 1143 3830 terram
1166 3763 1230 3831 ΧΠ
1248 3767 1301 3851 ju·

159 3896 280 3962 gerum,
296 3873 448 3939 arandum
461 3871 639 3950 mandabat,
656 3873 734 3938 dans
745 3873 774 3937 ei
787 3893 845 3957 pro
857 3871 998 3956 quolibet
1012 3871 1196 3936 fasciculum
1212 3873 1302 3951 foani,

160 4001 242 4044 unus
263 3981 368 4044 autem
391 3976 459 4040 sinc
480 3995 604 4040 rumore
627 3975 813 4041 fasciculum
829 3975 1001 4060 bajulabat,
1024 3976 1104 4041 altar
1120 3997 1194 4042 sero
1205 3998 1302 4063 prop-

160 4089 210 4150 ter
232 4081 394 4149 audaciam
417 4079 577 4144 verbosari
600 4081 697 4166 ooepit
719 4082 846 4147 dicens:
879 4081 953 4166 quid
985 4086 1033 4147 est
1055 4081 1175 4147 foenum
1197 4103 1303 4149 secum

121 4209 148 4249 aa
162 4189 304 4254 deferre?
334 4206 398 4250 non
429 4185 515 4250 enim
545 4183 591 4249 sic
619 4185 775 4250 saturabit
805 4207 871 4251 noa.
916 4185 959 4251 Et
987 4187 1046 4252 hoc
1072 4187 1177 4255 dicens
1201 4188 1304 4253 noluit

161 4314 266 4358 secum
287 4291 409 4358 foenum
431 4293 568 4374 portare,
591 4311 723 4376 cumque
745 4293 784 4356 ad
807 4291 944 4357 laborem
970 4295 1129 4359 venissent
1151 4298 1303 4378 utusque

162 4399 202 4464 ad
224 4419 387 4484 vesperum
409 4401 547 4475 ararent,
570 4396 634 4476 illa,
658 4397 713 4481 qui
725 4397 862 4464 habebat
885 4397 1069 4464 fasciculum
1090 4397 1179 4478 foeni,
1202 4421 1235 4464 se
1253 4421 1304 4464 re-
