3172 4958
701 347 763 414 107

152 523 327 590 sttroctum
348 520 427 588 cibis
449 519 577 588 deducit
598 521 637 588 sd
657 521 863 608 suspendium
893 525 927 588 et
953 527 991 589 ut
1020 527 1151 590 venator
1174 523 1306 591 callidus

152 625 240 694 dulei
261 626 369 694 fistule
391 631 484 692 vocet
506 625 545 692 sd
568 627 734 712 leqneun13
762 626 865 711 replet
886 649 1023 713 nemque
1046 633 1189 694 ventrem
1203 633 1304 708 tuum,

153 737 193 797 ut
214 732 378 798 decoctum
399 734 432 796 te
454 729 595 816 sapidius
617 731 769 810 comedet,
794 731 850 798 det
870 731 994 812 furfur,
1018 737 1055 798 ut
1076 733 1304 819 pinguedinem

153 837 270 914 locist,
292 837 510 904 accommodet
529 836 696 914 brodium,
726 841 764 901 ut
793 857 918 902 earnem
948 842 1099 903 assumet.
1142 838 1170 904 0
1203 839 1229 903 si
1249 839 1301 902 in·

124 947 272 1008 etrusses
302 941 431 1008 domum
454 941 522 1026 ejus
552 945 585 1006 et
614 940 800 1026 diligentius
831 943 1063 1026 conspexisses,
1097 943 1239 1027 profecto
1268 963 1306 1006 ex

153 1047 323 1114 infametis
337 1045 419 1112 inibi
434 1046 646 1132 pendentibus
661 1046 744 1126 eliis,
772 1067 849 1131 quos
866 1047 913 1112 ite
928 1047 1116 1125 nutriverat,
1140 1047 1180 1111 eb
1195 1069 1231 1111 eo
1248 1069 1305 1132 pe·

154 1156 262 1218 rutum
273 1150 335 1218 tibi
345 1151 525 1218 incendium
539 1151 748 1236 cognovisses.
775 1151 874 1216 Bonis
887 1151 966 1217 cibis
977 1156 1010 1217 te
1020 1151 1109 1217 ducit
1117 1151 1156 1218 cd
1172 1155 1306 1217 mortem

155 1261 189 1322 et
210 1257 245 1321 in
267 1257 477 1340 sempiternes
507 1257 657 1322 tristitias
679 1255 739 1321 tibi
763 1256 891 1322 delicies
913 1257 971 1322 hes
993 1261 1165 1323 convertet.
1211 1256 1308 1321 Absit

155 1385 175 1427 s
196 1383 248 1426 me
269 1362 345 1427 telis
366 1361 496 1440 amicus,
520 1363 576 1445 qui
597 1361 751 1426 subornat
763 1362 866 1427 emori
881 1362 989 1427 odium
1004 1365 1037 1427 et
1052 1365 1178 1427 seternse
1193 1361 1306 1426 mortis

112 1497 141 1536 ro
155 1467 215 1532 sub
237 1466 349 1532 mundi
378 1465 498 1532 deliciis
539 1465 648 1532 condit
684 1465 823 1532 hemum.
875 1465 1051 1531 Abominor
1088 1466 1195 1532 ciburn
1239 1467 1306 1551 ejus

156 1571 386 1648 blandientem,
409 1570 540 1655 repudio
563 1579 710 1647 menum,
728 1573 845 1634 extunc
866 1573 970 1634 totum
994 1570 1061 1654 ejus
1084 1591 1199 1655 sperno
1222 1570 1305 1635 sols-

156 1677 249 1754 tium,
267 1676 340 1742 nolo
355 1679 449 1754 certe,
465 1679 502 1740 nt
512 1675 579 1739 risu
594 1696 645 1739 me
656 1675 810 1742 conducet
820 1674 859 1739 sd
871 1675 992 1740 luctum
1006 1695 1063 1740 nec
1073 1675 1139 1740 suis
1150 1675 1239 1741 falsis
1251 1674 1305 1740 de-

157 1781 240 1848 liciis
268 1803 289 1846 e
310 1801 361 1846 me
389 1785 514 1864 separet
534 1778 627 1863 pellis
654 1778 753 1854 vitole
774 1779 979 1845 consortium.
1026 1777 1161 1844 (inlicem
1185 1779 1306 1844 Phere-

157 1886 228 1951 onis
250 1885 344 1970 eligo,
368 1905 432 1950 non
453 1883 645 1948 ferculorum
658 1883 843 1962 canistrum,
867 1904 982 1968 sperno
1004 1885 1137 1968 psleem,
1162 1904 1227 1948 non
1248 1883 1306 1948 llo·

115 2021 143 2062 ιι
156 1989 294 2078 gellum,
325 1989 478 2076 sagittam
500 1987 649 2054 Jonothae
677 1988 764 2052 intre
794 2009 843 2053 me
873 1988 973 2074 diligo
1006 1996 1038 2053 et
1064 1987 1158 2055 Joebi
1181 1989 1305 2073 refugio

157 2097 291 2162 boeium.
340 2095 462 2174 Quibus
485 2095 532 2161 sic
552 2095 697 2179 probetis
719 2115 792 2159 mox
815 2093 908 2180 fugit.

350 2303 621 2371 Proverbium
644 2303 688 2368 de
710 2305 818 2370 melo
840 2305 1105 2370 deliciorum.

468 2481 523 2547 De
545 2503 647 2548 cene
670 2484 710 2546 ot
732 2482 847 2564 lupo,
871 2502 937 2566 cop.
963 2484 992 2544 3.

245 2619 311 2686 Sub
333 2623 508 2687 meridiano
529 2625 607 2686 aestu
630 2641 757 2698 canem,
774 2625 950 2704 spertoore
972 2643 1010 2686 sc
1030 2623 1158 2706 pectore
1179 2621 1305 2706 inquie-

116 2754 144 2794 ιι
157 2727 226 2790 teto
247 2725 281 2790 in
304 2727 484 2793 accubitum
505 2727 554 2791 sui
577 2727 680 2792 cordis
696 2726 895 2812 refrigerium
912 2726 1125 2792 attrahentem
1142 2726 1306 2791 inveniens

157 2831 253 2915 lupus
275 2831 374 2896 dixitt
398 2853 417 2896 o
439 2832 599 2896 insensate
621 2823 717 2896 miser
739 2836 772 2896 et
793 2836 907 2916 sponte
930 2833 1104 2898 calamitati
1128 2831 1306 2914 subjectus!

158 2935 187 3000 si
201 2940 328 3001 tentum
339 2936 400 3000 tibi
423 2935 552 3019 placent
572 2938 738 3021 angustius,
768 2941 803 3001 ut
826 2937 901 3021 qnid
925 2959 1001 3024 ergo
1024 2960 1096 3003 eum
1118 2936 1306 3020 Empedocle

157 3040 264 3106 Siculo
288 3045 321 3106 te
345 3063 410 3106 non
434 3041 540 3107 AEtnee
562 3042 712 3108 refertam
742 3043 870 3107 miseris
901 3043 1030 3126 projicis
1060 3041 1093 3106 in
1125 3043 1306 3108 fornacem?

157 3144 320 3212 Nimirum
343 3145 371 3210 si
394 3152 427 3212 te
448 3147 606 3212 delectent
632 3152 744 3212 contre
764 3152 911 3212 naturam
927 3148 1138 3231 poenslitstes,
1162 3149 1307 3230 exspecta

117 3279 144 3318 ιι
158 3273 281 3336 perum,
304 3250 380 3334 quis
393 3251 427 3315 in
442 3254 544 3316 morte
559 3255 673 3316 cuncte
689 3251 827 3334 poenelie
841 3251 993 3316 invenies.
1031 3252 1075 3317 Ut
1090 3251 1166 3335 quid
1182 3271 1257 3335 ergo
1273 3251 1305 3313 in

157 3356 288 3422 tantille
301 3356 369 3420 vite
390 3356 506 3439 spretis
529 3356 703 3440 refrigeriis
725 3378 762 3421 ex
786 3377 871 3421 nune
894 3356 1009 3420 ardes?
1042 3355 1189 3438 Namque
1213 3359 1248 3419 tu
1272 3355 1305 3418 in

157 3461 250 3526 nocte
272 3459 384 3526 ovibus
407 3461 642 3543 quiescentibus
665 3481 809 3525 somnum
834 3461 951 3536 nescis,
982 3460 1047 3526 illis
1069 3463 1139 3524 tots
1161 3460 1209 3523 die
1233 3480 1306 3542 pos·

158 3565 303 3629 centibus
318 3585 383 3629 non
399 3565 542 3649 quiescis,
567 3587 681 3648 panem
696 3569 823 3630 tentum
840 3569 872 3630 et
888 3587 1001 3649 squam
1018 3565 1127 3641 sumis,
1151 3569 1307 3628 nocturno

158 3668 232 3755 gelu
254 3673 286 3734 et
308 3669 422 3735 diurno
434 3674 587 3746 neumate,
612 3670 677 3735 illis
700 3669 803 3754 spisso
826 3670 941 3735 vellere
964 3670 1121 3754 coopertis
1145 3689 1180 3733 sc
1197 3671 1306 3731 mutuo

117 3801 145 3840 so
161 3795 195 3838 se
215 3773 414 3854 foventibus,
447 3777 482 3838 tu
512 3773 597 3838 nudo
623 3772 706 3856 pelle
729 3774 762 3837 in
786 3774 984 3858 tempestatis
1007 3779 1077 3839 edre
1099 3773 1184 3838 solus
1208 3771 1306 3856 degis,

105 3873 107 3879 ’
158 3877 224 3943 illis
247 3879 373 3963 quidem
395 3879 464 3943 sine
487 3878 602 3943 timore
621 3878 801 3962 jacentibus
823 3883 860 3943 tu
882 3899 1035 3963 suspense
1058 3877 1210 3964 palpebra
1232 3876 1308 3940 hinc

157 3983 283 4048 dentem
306 3983 382 4048 hinc
411 3981 566 4069 ungulam
598 3983 633 4046 in
655 3987 766 4066 aperto
789 3982 926 4067 vigilans
961 3983 1167 4068 pertimescis.
1214 3980 1306 4056 crre-

158 4111 232 4156 nsm
255 4093 332 4156 sunt
354 4089 515 4154 interdum
538 4088 659 4154 delicie
680 4093 744 4152 tuae
768 4089 830 4152 nisi
852 4092 1012 4154 acetosum
1034 4089 1093 4166 lec,
1117 4087 1307 4152 intestinum

157 4195 314 4272 soetidum,
337 4194 437 4260 lectus
452 4193 596 4279 lapideus
617 4195 651 4258 et
665 4193 771 4256 suevis
793 4193 871 4258 odor
892 4193 1038 4258 stercoris
1061 4193 1191 4258 ovium?
1225 4192 1308 4270 Quid

118 4320 144 4360 ss
157 4300 273 4384 pluro?
296 4298 427 4366 Cunctis
450 4321 482 4364 es
502 4299 589 4383 juste
610 4296 771 4364 infelicior
795 4302 827 4362 et
848 4301 885 4362 tu
908 4297 970 4362 tibi
992 4298 1054 4382 ipsi
1076 4297 1228 4383 mundum
1238 4295 1304 4380 jorn

17 4403 28 4426 '
156 4405 263 4472 fecisti
285 4404 457 4470 infernum.
503 4403 614 4490 Surge,
638 4423 743 4489 surge,
767 4403 873 4482 miser,
897 4407 929 4468 et
940 4402 1061 4469 relictis
1083 4403 1186 4487 poenis
1203 4423 1307 4487 quaere
