3172 4958
826 281 869 346 88

266 456 312 520 ibi
334 475 461 520 morans
476 453 622 538 adspexit
636 455 781 534 mustela,
804 455 996 520 salutatione
1011 459 1139 539 peracta
1153 455 1252 540 coepit
1266 474 1420 538 quaerere,

267 560 306 626 ad
331 559 407 644 quid
431 564 462 622 et
485 559 621 642 qualiter
645 561 818 626 introisset.
864 559 923 625 Oui
946 561 1054 644 vulpes
1077 561 1258 644 respondit:
1286 560 1324 624 de
1340 562 1421 636 toto,

267 665 350 748 quod
363 666 454 750 petis,
477 686 576 741 soror,
600 686 663 728 una
678 665 739 728 tibi
763 666 866 732 carnis
889 665 1005 732 macies
1021 665 1169 743 sufficiat,
1194 667 1265 750 ipsa
1280 685 1419 748 namque

268 771 356 834 dedit
377 770 515 844 aditum;
540 774 790 855 perangustum
813 770 954 836 foramen
978 772 1070 849 veui,
1094 775 1131 836 nt
1154 793 1224 836 eam
1247 771 1422 856 effugerem

242 876 385 941 ‘sociam
408 877 511 940 carnis
534 881 651 940 nostrae
673 876 810 940 letalem.
857 876 948 941 Tunc
970 877 1106 940 musteis
1128 897 1225 960 sagax
1248 875 1355 960 sagaci
1370 895 1423 938 sa-

268 981 389 1066 gaciter
413 980 535 1063 inquit:
566 985 651 1046 certe
679 981 851 1046 indebitam
880 981 986 1046 carnis
1009 981 1142 1048 maciem
1164 979 1278 1066 fugare
1302 980 1422 1044 bonum

268 1089 331 1163 est,
366 1085 419 1149 sed
448 1089 579 1169 propter
607 1085 835 1169 pinguedinem
867 1085 996 1150 vitalem
1026 1105 1153 1150 carnem
1182 1085 1313 1168 perdere
1342 1087 1423 1170 puto

141 1201 145 1208 '
268 1179 419 1266 stultum;
453 1191 612 1256 dementia
634 1191 760 1274 quidem
783 1194 849 1267 est,
874 1189 953 1257 illud
977 1190 1141 1266 amittere,
1171 1195 1303 1274 propter
1336 1187 1423 1272 qnod

268 1295 377 1380 agitur
395 1317 453 1362 ree.
501 1272 725 1380 Mox‘vulpes:
749 1301 784 1360 at
806 1317 876 1379 quse
899 1317 1012 1378 nempe
1034 1299 1083 1360 est
1105 1295 1310 1360 ratiocinatio
1332 1295 1422 1360 ista?

231 1414 255 1450 ¹⁰
266 1399 360 1474 ,Tunc
381 1399 517 1466 mustela
544 1401 724 1484 subjunxit:
754 1401 781 1464 si
809 1400 870 1464 tibi
896 1399 1001 1483 placet
1022 1399 1096 1464 dare
1120 1399 1254 1466 rationis
1276 1399 1423 1485 proposi·

270 1510 350 1580 tum,
375 1525 481 1588 qnaeso
503 1506 617 1590 magis,
641 1509 677 1570 ut
693 1526 886 1588 consequens
909 1505 1077 1570 eonsilium
1101 1505 1145 1568 sit
1167 1510 1350 1592 acceptum
1374 1505 1422 1569 vi·

270 1609 363 1674 detur
385 1609 463 1674 mibi
487 1611 614 1694 quippe,
638 1632 736 1688 soror,
760 1615 795 1675 ut
819 1614 989 1694 antequam
1013 1609 1126 1676 alienis
1141 1611 1235 1676 rebus
1251 1610 1423 1676 sitibundae

270 1713 454 1796 cupiditatis
478 1715 605 1780 dentem
630 1715 834 1780 t'uribundum
859 1714 1026 1792 adhibeas,
1052 1719 1086 1780 et
1108 1715 1204 1780 aridae
1240 1715 1318 1799 pelli
1340 1715 1423 1781 dila·

271 1818 369 1883 tivam
393 1818 619 1902 pinguedinem
641 1819 746 1884 addas.
794 1817 976 1884 Indurando
1008 1841 1079 1884 mox
1102 1821 1227 1903 corpori
1249 1820 1423 1885 transitum

231 1927 488 2007 inopportunum
511 1922 674 2007 provideas
696 1927 729 1988 et
745 1924 859 2007 ipsum,
884 1925 911 1988 si
927 1945 1051 1990 necesse
1074 1923 1182 2002 fuerit,
1205 1925 1350 2009 inquiras
1373 1924 1423 1988 di·

270 2027 415 2112 ligenter.
461 2025 546 2091 Nam
573 2049 630 2113 per
651 2017 752 2093 illum*
774 2030 990 2106 artissimum,
1021 2049 1083 2112 quo
1110 2049 1176 2111 prae
1199 2030 1298 2094 macie
1321 2028 1423 2094 libere

270 2131 422 2207 introisti,
445 2131 656 2217 impinguata,
682 2133 865 2212 incrassata,
891 2134 1040 2210 dilatata,
1069 2133 1209 2217 duraque
1232 2133 1324 2218 pella,
1350 2156 1424 2198 cum

271 2235 439 2300 necessitas
463 2237 565 2301 aderit
588 2243 643 2302 ant
665 2239 831 2316 voluntas,
856 2239 958 2304 redire
980 2239 1020 2304 ad
1041 2238 1178 2304 liberum
1202 2259 1266 2301 non
1291 2237 1422 2302 valebis.

271 2339 391 2406 Verum
413 2362 484 2406 cum
508 2343 566 2419 sit,
599 2347 634 2407 ut
655 2343 761 2422 video,
792 2343 869 2426 fuge
900 2365 965 2410 nou
994 2344 1122 2410 aliunde
1151 2343 1343 2426 praesidinm.
1387 2341 1424 2408 Si

233 2473 258 2510 a
272 2447 444 2512 comederis
465 2452 632 2532 cutemque
654 2448 823 2531 repleveris
846 2449 976 2526 alienis,
1010 2453 1066 2514 aut
1088 2447 1251 2531 oportebit
1271 2451 1322 2525 te,
1352 2469 1425 2530 quae

270 2550 423 2616 aviditate
446 2551 675 2618 delectabiliter
698 2575 812 2632 sumes,
836 2559 873 2618 ut
895 2547 981 2619 exire
997 2552 1110 2631 valeas,
1132 2552 1334 2635 postmodum
1351 2573 1426 2616 cum

271 2679 388 2720 nausea
399 2677 551 2733 evomere,
574 2663 629 2722 aut
640 2662 832 2740 praeventam
850 2679 1055 2742 apcssessore
1070 2657 1305 2722 dilectissimam
1323 2656 1425 2722 vitam

270 2760 377 2824 dolore
398 2759 499 2824 finire.
545 2759 586 2824 Et
609 2762 654 2825 sic
676 2762 753 2843 quid
773 2762 832 2827 tibi
849 2764 910 2826 erit
926 2761 1029 2826 carnis
1045 2761 1212 2838 erassities,
1237 2760 1300 2824 nisi
1315 2781 1426 2824 amara

271 2864 425 2939 turbatio,
447 2867 533 2927 certa
543 2866 660 2949 captio,
683 2867 806 2948 pondus
821 2867 1071 2932 intolerabilest
1086 2866 1217 2948 laqueus
1235 2864 1425 2928 dolorosus?

234 2992 260 3031 as
273 2965 447 3049 Nunquam
471 2967 566 3044 nosti,
590 2971 674 3052 quod
697 2972 808 3035 stricta
830 2977 951 3036 naturae
972 2972 1070 3054 janua
1093 2969 1243 3054 parvulus
1258 2968 1426 3051 nudusque

273 3071 367 3136 homo
382 3071 434 3135 vix
450 3093 520 3136 cnm
535 3077 687 3140 maternis
704 3077 892 3142 stridoribus
904 3077 985 3141 liber
1001 3075 1163 3162 egreditur
1179 3073 1213 3138 in
1228 3075 1314 3138 hunc
1329 3094 1425 3137 mun·

273 3177 372 3242 dum?
404 3177 487 3253 Quid
510 3178 536 3242 si
559 3181 731 3264 eupiditate
755 3183 849 3247 bomo
871 3183 1002 3248 affectus
1029 3187 1061 3247 et
1084 3179 1295 3245 mundialium
1318 3199 1426 3242 rerum

272 3279 455 3367 placiditate
479 3283 630 3364 allectus,
653 3287 785 3350 minime
807 3287 970 3352 consultus
994 3285 1031 3351 de
1054 3287 1151 3363 exitu,
1179 3283 1293 3368 opibus
1316 3283 1425 3364 rapaci

273 3410 368 3452 manu
385 3387 548 3452 hincinde
565 3391 706 3454 collectis
724 3390 821 3455 fuerit
836 3391 1066 3476 impingrmtus,
1089 3411 1160 3456 oum
1176 3389 1304 3454 tandem
1320 3391 1425 3452 morte

234 3515 259 3552 ao
272 3491 349 3555 hinc
371 3491 572 3574 compellitur
595 3495 706 3558 exire?
736 3493 834 3560 Porta
853 3495 987 3578 justitiae
1009 3494 1164 3559 strictiori
1188 3495 1330 3576 reperta,
1354 3513 1426 3574 qnae

273 3596 480 3660 delectatione
495 3605 654 3682 rapuerat,
671 3620 744 3664 mox
759 3606 817 3664 ant
830 3621 900 3664 cunr
917 3600 1078 3664 doloribus
1093 3599 1221 3675 evomit,
1245 3603 1302 3661 aut
1316 3617 1424 3672 secum
1443 3659 1448 3666 .

271 3698 339 3763 haec
354 3701 461 3764 omnia
476 3723 546 3766 cunr
558 3703 625 3768 vita
638 3703 672 3766 in
683 3708 836 3768 aeternum
849 3704 975 3788 perdit?
997 3703 1133 3770 Procede
1144 3724 1229 3766 nunc
1241 3723 1316 3786 ergo
1329 3702 1352 3778 ¹,
1369 3723 1423 3766 ca·

271 3803 411 3883 tissima,
442 3811 474 3869 et
503 3829 563 3871 non
589 3808 641 3872 des
671 3809 913 3874 substantialem
935 3831 993 3893 pro
1016 3808 1210 3894 pinguedine
1232 3807 1364 3891 pellem,
1387 3827 1425 3871 aa

270 3909 317 3974 ibi
340 3909 401 3974 tibi
423 3911 640 3994 providentius
664 3933 768 3997 quaere
791 3933 924 3996 pascua,
956 3913 1011 3979 ubi
1034 3911 1199 3997 opulentia
1222 3916 1271 3975 est
1295 3915 1424 3976 acternae

232 4035 257 4072 ⁸⁶
272 4015 460 4080 securitatis.
512 4014 632 4091 Quibus
663 4018 795 4082 servatis
827 4018 1004 4104 diligenter,
1024 4018 1152 4100 vulpes,
1190 4021 1283 4100 pastu
1318 4021 1425 4081 sumto

272 4121 438 4204 praesentis
462 4121 668 4200 necessitatis,
691 4122 846 4188 liberast
869 4124 961 4188 docta
982 4123 1120 4190 recessit.

836 4244 854 4284 s

345 4343 357 4396 1
377 4343 486 4399 Andere
505 4345 581 4399 lesen
599 4346 757 4417 unriohtig:
776 4346 896 4417 perdita.
935 4347 1017 4418 Ergo,
1035 4345 1188 4404 carismma.
