3082 4938
823 211 885 276 198

278 385 414 463 nuder,
448 385 589 468 ipsorum
623 386 728 448 tamnu
762 367 911 448 ferociam
942 385 974 448 et
1003 382 1241 467 improbitatem
1273 405 1338 450 non
1358 383 1433 450 fore

278 492 471 556 diuturnam.
503 487 670 554 Persarum
685 488 864 572 imperium,
888 488 935 552 ait
948 487 1051 567 Plato,
1075 488 1290 573 corru[R]isse
1312 493 1432 570 totum,

278 618 314 661 eo
338 594 421 680 quod
445 595 540 659 nimis
563 615 680 678 magna
702 597 854 660 servitute
877 597 1072 678 premeretur
1094 595 1239 679 populus.
1276 594 1327 660 lta
1349 619 1433 680 quo-

279 723 339 786 que
361 699 504 766 futurum
527 703 576 764 est
598 700 693 765 dubio
717 703 842 784 procul,
874 703 911 764 ut
933 703 965 763 et
987 699 1118 765 istorum
1143 700 1433 782 impotentissimus

278 806 457 870 dominatus
479 805 625 880 intereat,
649 803 724 888 quia
746 826 842 888 supra
864 803 992 869 modum
1015 808 1062 868 est
1084 805 1253 882 violentus,
1282 809 1323 884 et,
1349 828 1432 890 quo-

277 913 364 978 niam
387 911 472 976 flecti
494 933 557 975 non
582 914 696 995 potest,
720 911 752 975 vi
773 913 810 975 ut
832 912 999 992 rumpatur
1020 914 1154 992 oportet.

365 1015 415 1082 Ad
438 1018 558 1082 exitum
580 1019 763 1102 properant,
791 1020 823 1081 et
844 1016 879 1080 in
903 1037 991 1081 suam
1015 1017 1077 1102 ipsi
1100 1016 1226 1082 ruinam
1249 1017 1434 1101 precipites

279 1124 436 1200 seruntur,
460 1125 588 1207 ejusque
605 1123 649 1187 rei
665 1121 882 1188 manifestiora
904 1122 1045 1206 quotidie
1063 1122 1206 1206 praebent
1229 1127 1432 1208 argumenta.

255 1205 341 1308 'Qui
365 1251 449 1294 nunc
469 1251 574 1295 rerum
598 1227 729 1312 potitur,
752 1226 870 1292 Paulus
892 1227 1022 1305 tertius,
1057 1227 1091 1291 in
1114 1227 1154 1291 iis
1177 1227 1315 1305 litteris,
1349 1251 1433 1313 quas

280 1359 379 1418 nuper
401 1335 439 1400 ad
463 1338 612 1418 quartum
636 1331 780 1404 calendas
801 1331 934 1398 Martias
957 1333 1043 1397 dedit
1065 1334 1105 1398 ad
1127 1334 1289 1416 quosdam,
1316 1334 1352 1398 in
1375 1355 1432 1399 co-

279 1442 371 1507 mitio
384 1441 493 1523 Spirae,
506 1437 683 1505 Germaniae
694 1437 862 1522 principes,
878 1439 1035 1524 originem
1045 1439 1258 1503 communium
1272 1439 1433 1506 malorum

280 1546 377 1611 refert
392 1545 429 1610 ad
446 1545 531 1610 bella
546 1542 736 1627 dissidiaque
757 1563 879 1629 regum,
902 1547 933 1606 et
946 1542 1068 1619 scribit,
1090 1547 1165 1608 ante
1179 1545 1247 1610 haec
1259 1545 1353 1621 bella,
1370 1567 1434 1611 nec

278 1653 312 1715 in
324 1650 494 1714 Germania
506 1647 648 1713 extitisse
658 1647 790 1712 hereses
803 1669 861 1712 neo
871 1646 903 1712 in
915 1645 1094 1712 Pannonias
1103 1647 1293 1734 Italiamque
1305 1651 1433 1716 venisse

279 1757 405 1822 ruma.
442 1753 577 1818 Unicum
594 1753 695 1837 igitur
711 1757 742 1818 et
758 1775 914 1818 summum
931 1775 999 1818 esse
1014 1753 1184 1819 remedium
1207 1754 1294 1832 dicit,
1316 1758 1354 1820 nt
1370 1777 1432 1840 po·

842 1894 860 1932 ἥ

278 2003 369 2087 [130]
394 2001 492 2068 Paule
514 2001 692 2078 troisieme‚
729 2001 784 2084 qui
813 2005 861 2064 est
891 2003 910 2064 a
939 2003 1067 2083 present
1088 1999 1194 2084 Pape‚
1229 2023 1291 2066 aux
1315 2001 1431 2068 lettres

278 2107 354 2192 qn'il
389 2131 407 2172 a
441 2105 668 2172 freischement
703 2105 830 2170 escrites
863 2106 892 2168 le
926 2105 1148 2189 vingtsixieme
1182 2109 1219 2171 de
1248 2107 1376 2172 Ferrier
1412 2111 1431 2172 a

278 2213 428 2298 quelques
451 2213 581 2276 Princes
604 2211 812 2294 d'Alemagne
845 2211 900 2294 qui
932 2214 1079 2295 estoyeut
1106 2233 1146 2276 en
1177 2212 1210 2277 la
1237 2212 1366 2295 journde
1391 2214 1433 2279 de

277 2317 377 2400 Spin,
400 2318 514 2400 rejette
536 2315 682 2396 l’origine
706 2315 758 2378 des
780 2336 874 2379 maux
898 2337 1061 2380 commune
1084 2337 1145 2379 aun
1168 2337 1295 2398 guerras
1316 2321 1349 2382 et
1364 2318 1431 2383 dif-

276 2423 382 2486 ferens
415 2423 467 2486 des
491 2421 586 2484 Rois:
618 2425 650 2484 et
682 2421 730 2484 dit
763 2439 823 2504 que
854 2420 969 2484 devant
995 2440 1045 2483 ces
1068 2440 1196 2502 guemes
1220 2421 1242 2484 il
1267 2423 1320 2506 n'y
1341 2423 1433 2487 auoit

277 2527 412 2590 heresias
442 2547 479 2588 en
512 2524 705 2606 Alcmene,
737 2543 777 2586 ne
800 2521 899 2586 Turcs
931 2545 970 2587 en
995 2521 1138 2609 Hongrie
1171 2546 1211 2588 ou
1235 2525 1336 2590 ltalie.
1384 2525 1431 2592 Le

277 2632 342 2695 seul
368 2632 449 2694 donc
471 2634 503 2694 et
526 2629 689 2695 souverain
713 2629 836 2693 remede
859 2632 950 2707 estre,
974 2650 1034 2713 que
1054 2630 1099 2694 les
1115 2649 1264 2712 courages
1281 2630 1333 2695 des
1350 2629 1431 2696 Rois

843 2767 861 2806 ll

277 2876 348 2958 [58]
374 2872 471 2937 Paulo
495 2870 592 2936 tercio
622 2892 682 2955 que
713 2894 811 2956 agorn
839 2877 907 2938 esta
937 2897 976 2938 en
1006 2875 1038 2938 la
1067 2874 1140 2938 silla
1161 2873 1350 2953 Pontifioel‚
1389 2899 1432 2941 en

277 2979 401 3061 aquella
424 2983 511 3042 carta
533 2975 632 3052 hecha
653 2999 672 3041 a
696 2983 809 3062 veynte
830 3001 852 3062 y
873 2999 944 3062 seys
967 2979 1005 3042 de
1027 2979 1176 3056 habiero,
1209 3001 1269 3061 que
1301 2980 1330 3043 el
1355 2983 1431 3044 otro

276 3084 328 3148 dia
350 3083 480 3149 escririo
503 3105 522 3146 a
549 3083 682 3165 alguuos
705 3082 868 3168 Principes
902 3083 940 3146 de
965 3082 1131 3148 Alemania
1160 3106 1179 3147 a
1209 3085 1240 3148 la
1262 3083 1357 3148 Dicta
1391 3087 1432 3150 de

276 3187 400 3271 Espira,
425 3186 579 3270 atrybuye
602 3186 629 3248 el
653 3186 765 3270 origen
787 3187 824 3252 de
848 3187 938 3251 todos
961 3191 1044 3250 estos
1066 3208 1214 3252 comunes
1232 3189 1331 3253 males
1345 3211 1366 3253 a
1382 3188 1433 3254 las

276 3313 406 3374 guerras
428 3314 449 3376 y
473 3291 682 3356 dissensiones
704 3293 741 3356 de
764 3293 810 3358 los
833 3293 952 3377 Reyes‚
976 3315 998 3377 y
1021 3293 1148 3359 escrive'
1164 3315 1224 3378 que
1248 3297 1337 3358 antes
1367 3317 1432 3378 que

276 3397 397 3460 uviesse
420 3399 501 3460 estes
525 3417 664 3479 guerras,
689 3397 722 3460 ni
746 3398 818 3461 avia
839 3398 931 3462 arido
954 3398 1098 3481 heregias
1121 3421 1159 3464 en
1184 3397 1368 3476 Alemanni,
1395 3402 1431 3465 ni

275 3500 304 3566 el
326 3500 429 3564 Turco
452 3500 522 3564 arie
545 3501 656 3566 venido
687 3502 869 3586 aUngrin‚
903 3503 937 3566 ni
968 3502 1113 3566 altalia.
1160 3502 1315 3568 Portanto
1347 3504 1431 3584 dinc,

275 3627 324 3670 ser
346 3606 375 3670 el
397 3607 491 3671 unico
514 3629 536 3691 y
558 3605 670 3670 ultimo
693 3607 832 3672 remedio
854 3628 915 3690 que
945 3629 978 3672 sc
1008 3608 1198 3673 reconcilien
1228 3607 1275 3672 los
1303 3608 1432 3674 animos

842 3743 859 3782 *e

276 3847 425 3912 bestehen
449 3849 565 3914 wurde.
602 3847 667 3912 Der
683 3847 829 3933 Kdnigen
852 3869 907 3913 aus
928 3848 1056 3913 Persian
1081 3849 1266 3915 Monarchei
1288 3852 1352 3916 und
1377 3874 1430 3918 re·

275 3953 398 4030 [timent
422 3955 463 4016 ist
485 3974 543 4038 gar
565 3957 603 4017 nd
627 3953 727 4016 boden
751 3973 894 4037 gangen,
919 3957 992 4038 segt
1012 3953 1123 4029 Pluto¹
1148 3953 1280 4019 derumb
1305 3955 1359 4020 das
1382 3959 1430 4022 sie

275 4055 329 4117 das
350 4057 443 4120 volck
466 4057 498 4120 in
522 4077 663 4142 grossern
687 4055 922 4142 untrtiglichem
951 4057 1101 4142 becwang
1130 4059 1195 4124 und
1218 4059 1430 4144 cigentlrdmb

275 4157 403 4222 hielten.
454 4161 528 4223 Also
551 4162 624 4224 wirt
647 4162 695 4225 dis
718 4161 799 4226 auch
822 4161 974 4238 brechen‚
1009 4163 1155 4228 sintemal
1188 4163 1272 4228 sichs
1295 4165 1348 4228 nie
1371 4165 1430 4232 hat

275 4262 388 4328 witlleu
412 4265 535 4352 biegem
559 4267 672 4333 souder
694 4270 766 4331 zdm
789 4267 867 4331 aller
890 4265 1045 4334 steiffsten
1068 4267 1317 4355 auffgespannen
1342 4269 1395 4336 ist.
