3172 4958
843 321 887 384 44

291 493 381 563 ceris.
426 491 529 569 Quare
556 491 750 578 principium
772 491 900 556 nonnisi
925 489 1165 574 impossibiliter
1187 490 1248 554 tibi
1271 489 1344 554 eris.
1382 486 1444 553 At·

291 603 397 662 tamen
428 603 541 662 natura
572 599 736 662 intellectu
768 596 932 680 sapientiae
964 596 1142 680 gubernata
1173 595 1213 660 ad
1244 594 1444 680 impossibile

291 723 355 766 non
368 709 519 766 movetur.
565 702 747 787 Subjeotum
769 701 946 766 membrum
968 722 1009 768 es.
1058 699 1092 766 si
1122 699 1337 785 subterfugies
1367 719 1443 782 pro-

290 807 395 888 prium
422 807 596 872 dominium
619 806 752 890 capitis,
786 827 859 870 mcx
889 806 1001 872 orbata
1030 825 1125 870 sensu
1153 804 1378 890 intelligentiae
1410 807 1444 868 et

246 915 379 992 ¹emoto
402 913 525 996 privata
547 912 723 996 prudentia
744 911 898 976 morieris.
945 909 975 975 Α
1002 910 1107 975 radice
1138 910 1256 996 quippe
1279 911 1444 994 sejunctus

290 1037 395 1080 ramus
419 1037 483 1080 non
506 1016 644 1100 pullulat
665 1020 699 1080 et
720 1016 788 1080 sine
806 1016 884 1082 duce
899 1036 956 1080 suo
972 1015 1064 1080 miles
1080 1016 1216 1080 oberrat.
1261 1013 1444 1080 Humiliare

290 1121 399 1206 igitur,
423 1121 594 1198 carissima,
618 1121 677 1186 sub
701 1121 777 1200 Deo,
800 1121 941 1186 naturali
963 1125 1018 1184 tuo
1041 1119 1219 1205 principio,
1242 1123 1275 1184 et
1297 1141 1386 1200 crare,¹
1404 1139 1446 1182 ne

289 1224 439 1306 pestifero
446 1226 590 1308 appetitu
602 1226 768 1310 soperbia,
781 1227 855 1292 dum
866 1247 981 1292 ranam
989 1225 1261 1310 principalitatem
1272 1223 1443 1300 desideras,

153 1413 158 1422 Ι
289 1333 416 1394 aeternae
450 1331 575 1414 quidem
609 1333 797 1416 perditionis
835 1332 1025 1397 elementum
1059 1331 1248 1415 primarium
1279 1330 1339 1395 tibi
1374 1328 1443 1393 lias.

250 1453 275 1490 ιο
291 1433 412 1512 Quibus
435 1435 528 1501 dictis
550 1435 697 1500 voluntas
719 1437 765 1500 sic
787 1435 912 1500 erudita
936 1435 1066 1518 quievit.

422 1644 575 1712 Contra
596 1647 832 1730 appetitum
855 1646 1045 1729 superbae
1067 1643 1307 1710 libertatis.

596 1819 651 1883 De
673 1841 742 1884 ove
765 1824 804 1884 et
825 1840 962 1898 cerro,
986 1841 1053 1903 cap.
1079 1818 1134 1883 9².

379 1977 454 2042 Ovis
485 1977 577 2041 avida
606 1979 742 2062 propriso
769 1977 929 2042 libertatis
952 1977 1061 2042 sociali
1085 1976 1195 2040 relicto
1218 1997 1315 2062 grege
1338 1975 1443 2040 domi-

292 2083 381 2146 nium
405 2084 454 2146 rui
478 2083 613 2166 pastoris
636 2083 757 2167 effugit.
804 2081 945 2165 Cumque
974 2103 1031 2165 per
1057 2081 1263 2158 solitudinem
1287 2082 1442 2146 errabun-

253 2207 277 2244 15
291 2186 363 2251 dam
387 2209 496 2264 pervus
518 2208 631 2271 vegam
657 2190 688 2251 et
711 2187 878 2270 profugam
894 2186 1076 2262 invenisset,
1101 2183 1198 2269 coepit
1213 2185 1284 2269 pius
1301 2207 1443 2268 quaerere

291 2313 355 2356 suae
378 2292 558 2356 solitudinis
582 2295 614 2355 et
637 2292 751 2356 erroris
775 2291 977 2360 occasionem.
1024 2289 1080 2354 Cui
1097 2311 1170 2354 mor
1186 2289 1243 2354 illa
1258 2290 1440 2374 respoudit:

292 2395 408 2461 dudum
434 2400 516 2461 certe
539 2397 652 2460 servile
670 2397 784 2480 jugum
807 2395 1009 2460 durissimum
1033 2398 1066 2458 et
1088 2393 1189 2458 multe
1211 2417 1321 2478 passa,
1355 2418 1443 2461 nunc

292 2503 355 2566 frui
378 2504 449 2568 volo
472 2503 554 2566 sicut
576 2505 607 2566 et
631 2523 685 2566 vos
709 2501 858 2566 libertate
880 2505 945 2564 tam
969 2502 1092 2565 cunctis
1114 2500 1298 2584 gratissima
1325 2504 1358 2565 et
1380 2521 1440 2582 pa·

292 2609 422 2670 tro'uunr
445 2607 602 2670 duriorem
625 2606 779 2692 effugere,
813 2604 868 2688 qui
894 2625 957 2668 non
980 2604 1081 2668 solum
1104 2605 1244 2686 quotidie
1268 2627 1318 2670 me
1341 2626 1442 2688 usque

251 2729 277 2766 ac
291 2709 331 2773 ad
353 2709 540 2794 sanguinem
563 2707 776 2794 emrrlgebat²,
804 2730 914 2772 verum
936 2707 1032 2772 etiam
1055 2708 1142 2771 omni
1165 2731 1249 2773 anno
1267 2709 1307 2775 ab
1323 2731 1441 2793 oppor-

288 2816 368 2876 tuno
392 2815 504 2878 vellere
527 2815 692 2897 spoliabat.
738 2813 827 2877 Tunc
849 2834 958 2877 cervus
982 2813 1077 2876 nimis
1100 2815 1297 2898 compatiens
1313 2815 1437 2898 inquit:

289 2917 366 2981 satis
381 2921 475 2996 certe,
498 2919 670 2998 carissima,
694 2919 783 2984 doleo
799 2919 836 2983 dc
852 2918 1030 2984 errabundo
1045 2918 1160 2983 itinere
1176 2921 1240 2998 tuo,
1264 2920 1316 2984 sed
1335 2919 1439 2983 multo

288 3023 390 3106 magis
413 3023 450 3086 de
472 3045 602 3088 erroneo
625 3025 765 3089 consilio.
811 3022 973 3088 Nimirum
1002 3022 1133 3086 libertas
1166 3023 1265 3088 dulcis
1295 3027 1343 3088 est
1365 3024 1438 3088 the-

289 3145 460 3211 scurusque
476 3129 742 3214 incomparabilis,
767 3131 819 3194 sed
836 3151 899 3194 non
917 3129 1127 3194 communiter
1143 3128 1307 3192 universis.
1339 3128 1440 3194 Plura

250 3251 275 3289 aa
289 3232 373 3296 eninr
384 3237 468 3311 suut,
493 3234 607 3317 quibus
623 3257 694 3318 pax,
718 3237 794 3312 vita,
819 3235 1032 3318 securitasque
1055 3235 1167 3298 salutis
1183 3237 1310 3298 tantum
1326 3256 1365 3297 cx
1382 3235 1436 3298 de-

288 3338 356 3402 bita
378 3339 570 3422 subjectione
593 3341 754 3425 contingit
776 3345 808 3404 et
832 3343 962 3424 propter
983 3339 1043 3404 hoc
1058 3361 1122 3402 nou
1139 3341 1187 3402 est
1203 3338 1290 3402 aliud
1305 3339 1438 3404 libertas

287 3442 332 3506 eis
355 3465 448 3527 quam
471 3445 619 3509 salutaris
644 3445 778 3528 perditio
793 3445 960 3508 libertatis.
1008 3443 1156 3527 Namque
1172 3443 1304 3507 libertas
1317 3444 1440 3528 populi,

288 3569 379 3632 quem
403 3570 502 3632 regna
524 3572 588 3613 non
611 3553 770 3626 coercent,
793 3548 942 3612 libertate
964 3548 1056 3630 perit.
1102 3547 1286 3632 Subjectum
1309 3549 1438 3632 quidem

288 3675 401 3736 corpus
424 3655 536 3718 animae
558 3654 637 3718 vivit
660 3658 785 3730 etmox‚
810 3674 881 3716 cum
905 3652 944 3716 ab
960 3673 997 3716 aa
1018 3652 1182 3732 liberatur,
1208 3653 1436 3737 exstinguitur.

250 3755 388 3835 ³0,chis
411 3759 551 3842 subjecta
573 3759 679 3822 nautis
701 3761 844 3822 servatur
866 3780 885 3820 a
906 3757 1071 3834 fluctibus,
1103 3781 1122 3822 a
1144 3759 1259 3841 quibus
1284 3759 1310 3822 si
1333 3757 1438 3823 libera

287 3862 392 3938 fuerit,
421 3864 530 3926 statim
554 3864 720 3949 naufragio
743 3862 940 3926 dissolvetur.
988 3861 1041 3926 Sic
1071 3861 1204 3927 formica
1227 3864 1286 3927 ulis
1317 3863 1438 3929 librata

287 3967 325 4030 de
347 3965 438 4032 fovea
460 3989 529 4031 curn
553 3989 677 4032 sursum
701 3968 852 4053 erigitur,
882 3970 958 4030 tuuc
980 3966 1069 4030 finali
1093 3967 1220 4031 miseria
1243 3968 1437 4052 captivatur.

287 4071 347 4136 His
369 4093 444 4157 ergo
467 4072 597 4137 libertas
619 4075 705 4136 certa
726 4075 775 4136 cst
796 4069 985 4155 perditionis
1009 4071 1188 4154 captivitas.
1234 4071 1285 4136 Ita
1310 4072 1439 4156 quidem

846 4221 863 4260 ³l=

358 4316 371 4368 1
393 4313 522 4370 Francos.
541 4332 567 4368 u.
587 4331 609 4368 e.
629 4315 738 4370 hdsehr.
759 4315 848 4370 ubere.
864 4315 894 4369 in
906 4313 1007 4380 Miltia,
1027 4313 1102 4384 Mag.
1123 4312 1234 4384 Encycl.
1255 4315 1331 4370 1806.
1350 4313 1381 4368 Β.
1400 4313 1438 4380 11,

288 4417 314 4455 v.
335 4403 368 4456 35
387 4401 407 4454 f.
479 4403 496 4456 2
515 4401 638 4457 Andere:
657 4403 838 4474 emungebat.
932 4422 936 4430 ·
